,Date,Description,Money in,Money out,Balance,Category,Predicted Category
1,28/05/2024,MEDI FOOD CENTRE (VIA APPLE £ 1.98,0.0,1.98,"£ -1,295.67",Food,Food
3,28/05/2024,ARRANGED OVERDRAFT £ 10.78,0.0,10.78,"£ -1,293.69",Other,Other
5,28/05/2024,TESCO STORES 2544 (VIA APPLE £ 1.80,0.0,1.8,"£ -1,282.91",Groceries,Groceries
7,28/05/2024,TESCO STORES 2544 (VIA APPLE £ 14.20,0.0,14.2,"£ -1,281.11",Groceries,Groceries
9,28/05/2024,"APPLE.COM/BILL (VIA APPLE PAY), £ 19.99",0.0,19.99,"£ -1,266.91",Bills,Bills
11,27/05/2024,MEDI FOOD CENTRE (VIA APPLE £ 2.58,0.0,2.58,"£ -1,246.92",Food,Food
13,27/05/2024,"TFL TRAVEL CH (VIA APPLE PAY), £ 29.35",0.0,29.35,"£ -1,244.34",Transport,Transport
15,27/05/2024,"TFL TRAVEL CH (VIA APPLE PAY), £ 6.40",0.0,6.4,"£ -1,214.99",Transport,Transport
17,26/05/2024,HONEST BURGERS BOROUGH £ 17.91,0.0,17.91,"£ -1,208.59",Food,Other
19,26/05/2024,CARD PAYMENT TO Netflix.com ON £ 4.99,0.0,4.99,"£ -1,190.68",Transport,Transport
21,26/05/2024,SAINSBURYS S/MKTS (VIA APPLE £ 1.10,0.0,1.1,"£ -1,185.69",Other,Other
23,26/05/2024,"AMORA GUSTO (VIA APPLE PAY), £ 13.40",0.0,13.4,"£ -1,184.59",Other,Other
25,26/05/2024,"AMORA GUSTO (VIA APPLE PAY), £ 6.70",0.0,6.7,"£ -1,171.19",Other,Other
27,26/05/2024,HALA RESTAURANT (VIA APPLE £ 8.25,0.0,8.25,"£ -1,164.49",Food,Other
29,26/05/2024,0,294.82,0.0,"£ -1,156.24",Other,Other
32,26/05/2024,SUPERDRUG STORES PLC (VIA £ 11.48,0.0,11.48,"£ -1,451.06",Groceries,Groceries
34,26/05/2024,ANTEPLILER LIVER (VIA APPLE £ 32.00,0.0,32.0,"£ -1,439.58",Other,Other
36,26/05/2024,CITIZENM TOWER OF LOND (VIA £ 4.00,0.0,4.0,"£ -1,407.58",Other,Other
38,26/05/2024,CITIZENM TOWER OF LOND (VIA £ 3.80,0.0,3.8,"£ -1,403.58",Other,Other
40,25/05/2024,0,70.0,0.0,"£ -1,399.78",Other,Other
43,25/05/2024,"SQ *15GRAMS (VIA APPLE PAY), £ 8.20",0.0,8.2,"£ -1,469.78",Other,Other
45,25/05/2024,"TFL TRAVEL CH (VIA APPLE PAY), £ 6.40",0.0,6.4,"£ -1,461.58",Transport,Transport
47,25/05/2024,CARD PAYMENT TO PAYPAL £ 9.77,0.0,9.77,"£ -1,455.18",Other,Other
49,25/05/2024,"BESPOKE CAFE (VIA APPLE PAY), £ 7.20",0.0,7.2,"£ -1,445.41",Food,Food
51,24/05/2024,"TFL TRAVEL CH (VIA APPLE PAY), £ 6.40",0.0,6.4,"£ -1,438.21",Transport,Transport
53,24/05/2024,MEDI FOOD CENTRE (VIA APPLE £ 2.38,0.0,2.38,"£ -1,431.81",Food,Food
55,24/05/2024,0,60.0,0.0,"£ -1,429.43",Other,Other
57,23/05/2024,"MR TRIMMER (VIA APPLE PAY), £ 30.00",0.0,30.0,"£ -1,489.43",Other,Other
59,22/05/2024,"TFL TRAVEL CH (VIA APPLE PAY), £ 6.40",0.0,6.4,"£ -1,459.43",Transport,Transport
61,22/05/2024,TRUE CHICKEN LTD (VIA APPLE £ 6.29,0.0,6.29,"£ -1,453.03",Other,Other
63,22/05/2024,0,50.0,0.0,"£ -1,446.74",Other,Other
66,22/05/2024,TESCO STORES 2544 (VIA APPLE £ 5.40,0.0,5.4,"£ -1,496.74",Groceries,Groceries
68,21/05/2024,"TFL TRAVEL CH (VIA APPLE PAY), £ 6.40",0.0,6.4,"£ -1,491.34",Transport,Transport
70,21/05/2024,TESCO STORES 2544 (VIA APPLE £ 9.30,0.0,9.3,"£ -1,484.94",Groceries,Groceries
72,20/05/2024,GAILS - SOUTH KENSINGT (VIA £ 6.80,0.0,6.8,"£ -1,475.64",Other,Other
74,20/05/2024,"TFL TRAVEL CH (VIA APPLE PAY), £ 4.95",0.0,4.95,"£ -1,468.84",Transport,Transport
76,19/05/2024,PAME GREEK LTD (VIA APPLE £ 39.71,0.0,39.71,"£ -1,463.89",Other,Other
78,19/05/2024,"TFL TRAVEL CH (VIA APPLE PAY), £ 6.40",0.0,6.4,"£ -1,424.18",Transport,Transport
80,19/05/2024,TRUE CHICKEN LTD (VIA APPLE £ 19.57,0.0,19.57,"£ -1,417.78",Other,Other
82,19/05/2024,TESCO STORES 2544 (VIA APPLE £ 6.75,0.0,6.75,"£ -1,398.21",Groceries,Groceries
84,19/05/2024,0,0.0,1.5,"£ -1,391.46",Other,Other
88,19/05/2024,"APPLE.COM/BILL (VIA APPLE PAY), £ 10.99",0.0,10.99,"£ -1,389.96",Bills,Bills
90,18/05/2024,0,100.0,0.0,"£ -1,378.97",Other,Other
93,18/05/2024,SUPERDRUG STORES PLC (VIA £ 3.99,0.0,3.99,"£ -1,478.97",Groceries,Groceries
95,18/05/2024,SUPERDRUG STORES PLC (VIA £ 6.88,0.0,6.88,"£ -1,474.98",Groceries,Groceries
97,18/05/2024,TESCO STORES 2544 (VIA APPLE £ 10.95,0.0,10.95,"£ -1,468.10",Groceries,Groceries
99,17/05/2024,"TFL TRAVEL CH (VIA APPLE PAY), £ 6.40",0.0,6.4,"£ -1,457.15",Transport,Transport
101,17/05/2024,TRUE CHICKEN LTD (VIA APPLE £ 8.79,0.0,8.79,"£ -1,450.75",Other,Other
103,16/05/2024,"TFL TRAVEL CH (VIA APPLE PAY), £ 6.40",0.0,6.4,"£ -1,441.96",Transport,Transport
105,16/05/2024,TESCO STORES 2544 (VIA APPLE £ 2.85,0.0,2.85,"£ -1,435.56",Groceries,Groceries
107,16/05/2024,TESCO STORES 2544 (VIA APPLE £ 5.90,0.0,5.9,"£ -1,432.71",Groceries,Groceries
109,16/05/2024,"TOMBO CAFE (VIA APPLE PAY), £ 21.15",0.0,21.15,"£ -1,426.81",Food,Food
111,15/05/2024,"TFL TRAVEL CH (VIA APPLE PAY), £ 6.40",0.0,6.4,"£ -1,405.66",Transport,Transport
113,15/05/2024,0,0.0,6.29,"£ -1,399.26",Other,Other
117,14/05/2024,CASH WITHDRAWAL AT £ 100.00,0.0,100.0,"£ -1,392.97",Other,Other
121,14/05/2024,0,200.0,0.0,"£ -1,292.97",Other,Other
124,14/05/2024,TESCO STORES 2544 (VIA APPLE £ 7.00,0.0,7.0,"£ -1,492.97",Groceries,Groceries
126,14/05/2024,TESCO STORES 2544 (VIA APPLE £ 4.15,0.0,4.15,"£ -1,485.97",Groceries,Groceries
128,13/05/2024,"TFL TRAVEL CH (VIA APPLE PAY), £ 6.40",0.0,6.4,"£ -1,481.82",Transport,Transport
130,13/05/2024,SUMUP *BOSMAN LTD (VIA APPLE £ 2.00,0.0,2.0,"£ -1,475.42",Other,Other
132,13/05/2024,MEDI FOOD CENTRE (VIA APPLE £ 4.38,0.0,4.38,"£ -1,473.42",Food,Food
134,12/05/2024,"TFL TRAVEL CH (VIA APPLE PAY), £ 7.65",0.0,7.65,"£ -1,469.04",Transport,Transport
136,12/05/2024,"THIRST SOHO (VIA APPLE PAY), £ 25.00",0.0,25.0,"£ -1,461.39",Other,Other
138,12/05/2024,MEDI FOOD CENTRE (VIA APPLE £ 9.63,0.0,9.63,"£ -1,436.39",Food,Food
140,12/05/2024,COOTES PHARMACY LTD (VIA £ 19.80,0.0,19.8,"£ -1,426.76",Health,Health
142,12/05/2024,0,55.0,0.0,"£ -1,406.96",Other,Other
147,11/05/2024,TESCO STORES 2544 (VIA APPLE £ 6.15,0.0,6.15,"£ -1,461.96",Groceries,Groceries
149,11/05/2024,TESCO STORES 2544 (VIA APPLE £ 8.20,0.0,8.2,"£ -1,455.81",Groceries,Groceries
151,11/05/2024,SUMUP *DURUM OCAKBASI (VIA £ 15.00,0.0,15.0,"£ -1,447.61",Other,Other
153,10/05/2024,MEDI FOOD CENTRE (VIA APPLE £ 2.29,0.0,2.29,"£ -1,432.61",Food,Food
155,10/05/2024,"TFL TRAVEL CH (VIA APPLE PAY), £ 4.95",0.0,4.95,"£ -1,430.32",Transport,Transport
157,10/05/2024,0,50.0,0.0,"£ -1,425.37",Other,Other
160,10/05/2024,TESCO STORES 2544 (VIA APPLE £ 12.33,0.0,12.33,"£ -1,475.37",Groceries,Groceries
162,10/05/2024,CARD PAYMENT TO PAYPAL £ 18.77,0.0,18.77,"£ -1,463.04",Other,Other
164,09/05/2024,"TFL TRAVEL CH (VIA APPLE PAY), £ 7.60",0.0,7.6,"£ -1,444.27",Transport,Transport
166,09/05/2024,LINA STORES SOUTH KENS (VIA £ 5.00,0.0,5.0,"£ -1,436.67",Groceries,Other
168,09/05/2024,UNCLE TONYS TAVERNA (VIA £ 20.00,0.0,20.0,"£ -1,431.67",Other,Other
170,08/05/2024,CARD PAYMENT TO THREE ON £ 20.00,0.0,20.0,"£ -1,411.67",Other,Other
172,08/05/2024,TRUE CHICKEN LTD (VIA APPLE £ 11.78,0.0,11.78,"£ -1,391.67",Other,Other
174,08/05/2024,CARD PAYMENT TO Medi Food £ 2.77,0.0,2.77,"£ -1,379.89",Food,Other
176,08/05/2024,"TINTICO (VIA APPLE PAY), ON £ 3.70",0.0,3.7,"£ -1,377.12",Other,Other
178,07/05/2024,"THE JOINERS (VIA APPLE PAY), £ 12.60",0.0,12.6,"£ -1,373.42",Other,Other
180,07/05/2024,GOKYUZU RESTAURANT (VIA £ 14.00,0.0,14.0,"£ -1,360.82",Food,Other
182,07/05/2024,TESCO STORES 2544 (VIA APPLE £ 5.40,0.0,5.4,"£ -1,346.82",Groceries,Groceries
184,07/05/2024,WILTON PATISSERIE (VIA APPLE £ 8.70,0.0,8.7,"£ -1,341.42",Other,Other
186,06/05/2024,0,50.0,0.0,"£ -1,332.72",Other,Other
188,06/05/2024,BILL PAYMENT VIA FASTER £ 17.50,0.0,17.5,"£ -1,382.72",Bills,Bills
192,06/05/2024,MEDI FOOD CENTRE (VIA APPLE £ 3.37,0.0,3.37,"£ -1,365.22",Food,Food
194,06/05/2024,"TFL TRAVEL CH (VIA APPLE PAY), £ 4.95",0.0,4.95,"£ -1,361.85",Transport,Transport
196,06/05/2024,"TESCO STORES (VIA APPLE PAY), £ 1.45",0.0,1.45,"£ -1,356.90",Groceries,Groceries
198,05/05/2024,CARD PAYMENT TO CHATGPT £ 19.20,0.0,19.2,"£ -1,355.45",Other,Other
200,05/05/2024,TESCO STORES 2544 (VIA APPLE £ 17.19,0.0,17.19,"£ -1,336.25",Groceries,Groceries
202,05/05/2024,TESCO STORES 2544 (VIA APPLE £ 3.06,0.0,3.06,"£ -1,319.06",Groceries,Groceries
204,05/05/2024,"BESPOKE CAFE (VIA APPLE PAY), £ 5.75",0.0,5.75,"£ -1,316.00",Food,Food
206,04/05/2024,MEDI FOOD CENTRE (VIA APPLE £ 3.29,0.0,3.29,"£ -1,310.25",Food,Food
208,04/05/2024,"TFL TRAVEL CH (VIA APPLE PAY), £ 6.40",0.0,6.4,"£ -1,306.96",Transport,Transport
210,04/05/2024,CASH WITHDRAWAL AT £ 40.00,0.0,40.0,"£ -1,300.56",Other,Other
214,04/05/2024,"GREGGS (VIA APPLE PAY), ON £ 3.45",0.0,3.45,"£ -1,260.56",Other,Other
216,04/05/2024,CARD PAYMENT TO CREDIT £ 19.95,0.0,19.95,"£ -1,257.11",Other,Other
218,03/05/2024,"TFL TRAVEL CH (VIA APPLE PAY), £ 6.40",0.0,6.4,"£ -1,237.16",Transport,Transport
220,03/05/2024,"APPLE.COM/BILL (VIA APPLE PAY), £ 10.99",0.0,10.99,"£ -1,230.76",Bills,Bills
222,03/05/2024,TRUE CHICKEN LTD (VIA APPLE £ 6.29,0.0,6.29,"£ -1,219.77",Other,Other
224,03/05/2024,CARD PAYMENT TO LOWELL £ 8.24,0.0,8.24,"£ -1,213.48",Other,Other
226,03/05/2024,CARD PAYMENT TO LOWELL £ 5.88,0.0,5.88,"£ -1,205.24",Other,Other
228,03/05/2024,CARD PAYMENT TO LOWELL £ 35.88,0.0,35.88,"£ -1,199.36",Other,Other
230,03/05/2024,CARD PAYMENT TO Netflix.com ON £ 4.99,0.0,4.99,"£ -1,163.48",Transport,Transport
232,02/05/2024,"TFL TRAVEL CH (VIA APPLE PAY), £ 7.80",0.0,7.8,"£ -1,158.49",Transport,Transport
234,02/05/2024,"PIZZA EXPRESS (VIA APPLE PAY), £ 47.05",0.0,47.05,"£ -1,150.69",Food,Food
236,02/05/2024,ORGANIC HEALTH (VIA APPLE £ 61.00,0.0,61.0,"£ -1,103.64",Health,Health
238,02/05/2024,COACH AND HORSES (VIA APPLE £ 14.50,0.0,14.5,"£ -1,042.64",Other,Other
240,02/05/2024,TRUE CHICKEN LTD (VIA APPLE £ 6.29,0.0,6.29,"£ -1,028.14",Other,Other
242,02/05/2024,"TESCO STORES (VIA APPLE PAY), £ 6.80",0.0,6.8,"£ -1,021.85",Groceries,Groceries
244,02/05/2024,"COSTA COFFEE (VIA APPLE PAY), £ 4.15",0.0,4.15,"£ -1,015.05",Food,Food
246,02/05/2024,"COSTA COFFEE (VIA APPLE PAY), £ 2.15",0.0,2.15,"£ -1,010.90",Food,Food
248,01/05/2024,BILL PAYMENT VIA FASTER £ 110.00,0.0,110.0,"£ -1,008.75",Bills,Bills
252,01/05/2024,"TFL TRAVEL CH (VIA APPLE PAY), £ 6.40",0.0,6.4,£ -898.75,Transport,Transport
254,01/05/2024,GAILS - SOUTH KENSINGT (VIA £ 6.80,0.0,6.8,£ -892.35,Other,Other
256,01/05/2024,TESCO STORES 2544 (VIA APPLE £ 0.35,0.0,0.35,£ -885.55,Groceries,Groceries
258,30/04/2024,"TFL TRAVEL CH (VIA APPLE PAY), £ 3.50",0.0,3.5,£ -885.20,Transport,Transport
260,30/04/2024,"H & M (VIA APPLE PAY), ON £ 12.99",0.0,12.99,£ -881.70,Other,Other
262,30/04/2024,"H & M (VIA APPLE PAY), ON £ 22.18",0.0,22.18,£ -868.71,Other,Other
264,30/04/2024,TESCO STORES 2544 (VIA APPLE £ 19.35,0.0,19.35,£ -846.53,Groceries,Groceries
266,30/04/2024,TESCO STORES 2544 (VIA APPLE £ 6.70,0.0,6.7,£ -827.18,Groceries,Groceries
268,30/04/2024,0,552.0,0.0,£ -820.48,Other,Other
271,30/04/2024,"COSTA COFFEE (VIA APPLE PAY), £ 4.35",0.0,4.35,"£ -1,372.48",Food,Food
273,29/04/2024,0,115.0,0.0,"£ -1,368.13",Other,Other
276,29/04/2024,"TFL TRAVEL CH (VIA APPLE PAY), £ 7.65",0.0,7.65,"£ -1,483.13",Transport,Transport
278,29/04/2024,"TESCO STORES (VIA APPLE PAY), £ 1.03",0.0,1.03,"£ -1,475.48",Groceries,Groceries
280,28/04/2024,"TFL TRAVEL CH (VIA APPLE PAY), £ 6.40",0.0,6.4,"£ -1,474.45",Transport,Transport
282,28/04/2024,0,20.0,0.0,"£ -1,468.05",Other,Other
284,28/04/2024,TRUE CHICKEN LTD (VIA APPLE £ 12.08,0.0,12.08,"£ -1,488.05",Other,Other
286,28/04/2024,UNCLE TONYS TAVERNA (VIA £ 16.00,0.0,16.0,"£ -1,475.97",Other,Other
288,27/04/2024,"TFL TRAVEL CH (VIA APPLE PAY), £ 5.40",0.0,5.4,"£ -1,459.97",Transport,Transport
290,27/04/2024,MEDI FOOD CENTRE (VIA APPLE £ 2.29,0.0,2.29,"£ -1,454.57",Food,Food
292,27/04/2024,MARKS&SPENCER PLC SACA (VIA £ 45.10,0.0,45.1,"£ -1,452.28",Other,Other
294,27/04/2024,SUPERDRUG STORES PLC (VIA £ 3.49,0.0,3.49,"£ -1,407.18",Groceries,Groceries
296,27/04/2024,TESCO STORES 2544 (VIA APPLE £ 2.50,0.0,2.5,"£ -1,403.69",Groceries,Groceries
298,27/04/2024,ARRANGED OVERDRAFT £ 13.49,0.0,13.49,"£ -1,401.19",Other,Other
300,27/04/2024,HASTY TASTY PIZZA (VIA APPLE £ 3.50,0.0,3.5,"£ -1,387.70",Food,Other
302,26/04/2024,"BESPOKE CAFE (VIA APPLE PAY), £ 3.70",0.0,3.7,"£ -1,384.20",Food,Food
304,26/04/2024,"TFL TRAVEL CH (VIA APPLE PAY), £ 8.80",0.0,8.8,"£ -1,380.50",Transport,Transport
306,26/04/2024,TRUE CHICKEN LTD (VIA APPLE £ 4.79,0.0,4.79,"£ -1,371.70",Other,Other
308,26/04/2024,TRUE CHICKEN LTD (VIA APPLE £ 12.08,0.0,12.08,"£ -1,366.91",Other,Other
310,26/04/2024,TESCO STORES 2544 (VIA APPLE £ 33.30,0.0,33.3,"£ -1,354.83",Groceries,Groceries
312,25/04/2024,TESCO STORES 2544 (VIA APPLE £ 7.55,0.0,7.55,"£ -1,321.53",Groceries,Groceries
314,24/04/2024,"COSTA COFFEE (VIA APPLE PAY), £ 5.20",0.0,5.2,"£ -1,313.98",Food,Food
316,24/04/2024,MEDI FOOD CENTRE (VIA APPLE £ 2.88,0.0,2.88,"£ -1,308.78",Food,Food
318,24/04/2024,"TFL TRAVEL CH (VIA APPLE PAY), £ 6.40",0.0,6.4,"£ -1,305.90",Transport,Transport
320,24/04/2024,BILL PAYMENT VIA FASTER £ 50.00,0.0,50.0,"£ -1,299.50",Bills,Bills
324,24/04/2024,TRUE CHICKEN LTD (VIA APPLE £ 12.08,0.0,12.08,"£ -1,249.50",Other,Other
326,24/04/2024,TESCO STORES 2544 (VIA APPLE £ 4.50,0.0,4.5,"£ -1,237.42",Groceries,Groceries
328,23/04/2024,"COSTA COFFEE (VIA APPLE PAY), £ 4.35",0.0,4.35,"£ -1,232.92",Food,Food
330,23/04/2024,"TFL TRAVEL CH (VIA APPLE PAY), £ 6.40",0.0,6.4,"£ -1,228.57",Transport,Transport
332,23/04/2024,GAILS - SOUTH KENSINGT (VIA £ 6.30,0.0,6.3,"£ -1,222.17",Other,Other
334,23/04/2024,TESCO STORES 2544 (VIA APPLE £ 15.93,0.0,15.93,"£ -1,215.87",Groceries,Groceries
336,22/04/2024,"TFL TRAVEL CH (VIA APPLE PAY), £ 6.40",0.0,6.4,"£ -1,199.94",Transport,Transport
338,22/04/2024,TRUE CHICKEN LTD (VIA APPLE £ 12.08,0.0,12.08,"£ -1,193.54",Other,Other
340,22/04/2024,TESCO STORES 2544 (VIA APPLE £ 1.30,0.0,1.3,"£ -1,181.46",Groceries,Groceries
342,22/04/2024,UNCLE TONYS TAVERNA (VIA £ 38.00,0.0,38.0,"£ -1,180.16",Other,Other
344,21/04/2024,"TINTICO (VIA APPLE PAY), ON £ 3.50",0.0,3.5,"£ -1,142.16",Other,Other
346,21/04/2024,MEDI FOOD CENTRE (VIA APPLE £ 3.17,0.0,3.17,"£ -1,138.66",Food,Food
348,21/04/2024,TESCO STORES 2544 (VIA APPLE £ 1.95,0.0,1.95,"£ -1,135.49",Groceries,Groceries
350,21/04/2024,TESCO STORES 2544 (VIA APPLE £ 5.95,0.0,5.95,"£ -1,133.54",Groceries,Groceries
352,21/04/2024,"COSTA COFFEE (VIA APPLE PAY), £ 4.35",0.0,4.35,"£ -1,127.59",Food,Food
354,20/04/2024,"TFL TRAVEL CH (VIA APPLE PAY), £ 6.40",0.0,6.4,"£ -1,123.24",Transport,Transport
356,20/04/2024,"FINLAYS (VIA APPLE PAY), ON £ 2.64",0.0,2.64,"£ -1,116.84",Other,Other
358,20/04/2024,TRUE CHICKEN LTD (VIA APPLE £ 12.08,0.0,12.08,"£ -1,114.20",Other,Other
360,19/04/2024,SQ *PHILIPPE CONTICINI (VIA £ 3.50,0.0,3.5,"£ -1,102.12",Other,Other
362,19/04/2024,TESCO STORES 2544 (VIA APPLE £ 0.30,0.0,0.3,"£ -1,098.62",Groceries,Groceries
364,19/04/2024,TESCO STORES 2544 (VIA APPLE £ 6.30,0.0,6.3,"£ -1,098.32",Groceries,Groceries
366,19/04/2024,"COSTA COFFEE (VIA APPLE PAY), £ 8.25",0.0,8.25,"£ -1,092.02",Food,Food
368,18/04/2024,MEDI FOOD CENTRE (VIA APPLE £ 8.67,0.0,8.67,"£ -1,083.77",Food,Food
370,18/04/2024,"TFL TRAVEL CH (VIA APPLE PAY), £ 9.90",0.0,9.9,"£ -1,075.10",Transport,Transport
372,18/04/2024,MARKS&SPENCER PLC SACA (VIA £ 26.10,0.0,26.1,"£ -1,065.20",Other,Other
374,18/04/2024,BBS BAKERS AND BARISTA (VIA £ 9.25,0.0,9.25,"£ -1,039.10",Other,Other
376,18/04/2024,TESCO STORES 2544 (VIA APPLE £ 3.40,0.0,3.4,"£ -1,029.85",Groceries,Groceries
378,17/04/2024,"TFL TRAVEL CH (VIA APPLE PAY), £ 6.40",0.0,6.4,"£ -1,026.45",Transport,Transport
380,17/04/2024,TRUE CHICKEN LTD (VIA APPLE £ 12.08,0.0,12.08,"£ -1,020.05",Other,Other
382,17/04/2024,FIVE GUYS SOUTH KENSIN (VIA £ 11.75,0.0,11.75,"£ -1,007.97",Other,Other
384,16/04/2024,"COSTA COFFEE (VIA APPLE PAY), £ 4.35",0.0,4.35,£ -996.22,Food,Food
386,16/04/2024,MEDI FOOD CENTRE (VIA APPLE £ 4.25,0.0,4.25,£ -991.87,Food,Food
388,16/04/2024,TESCO STORES 2544 (VIA APPLE £ 13.90,0.0,13.9,£ -987.62,Groceries,Groceries
390,16/04/2024,TESCO STORES 2544 (VIA APPLE £ 0.30,0.0,0.3,£ -973.72,Groceries,Groceries
392,16/04/2024,TESCO STORES 2544 (VIA APPLE £ 10.25,0.0,10.25,£ -973.42,Groceries,Groceries
394,16/04/2024,TESCO STORES 2544 (VIA APPLE £ 33.00,0.0,33.0,£ -963.17,Groceries,Groceries
396,15/04/2024,"COSTA COFFEE (VIA APPLE PAY), £ 6.50",0.0,6.5,£ -930.17,Food,Food
398,15/04/2024,"PEPE'S PIRI PIRI (VIA APPLE PAY), £ 11.09",0.0,11.09,£ -923.67,Other,Other
400,15/04/2024,GAILS SOUTH WOODFORD (VIA £ 5.00,0.0,5.0,£ -912.58,Other,Other
402,15/04/2024,"TFL TRAVEL CH (VIA APPLE PAY), £ 5.25",0.0,5.25,£ -907.58,Transport,Transport
404,15/04/2024,GRAND ISTANBUL MARKET (VIA £ 9.24,0.0,9.24,£ -902.33,Groceries,Other
406,15/04/2024,TRUE CHICKEN LTD (VIA APPLE £ 7.79,0.0,7.79,£ -893.09,Other,Other
408,15/04/2024,TESCO STORES 6611 (VIA APPLE £ 1.10,0.0,1.1,£ -885.30,Groceries,Groceries
410,14/04/2024,0,605.0,0.0,£ -884.20,Other,Other
412,14/04/2024,MEDI FOOD CENTRE (VIA APPLE £ 3.79,0.0,3.79,"£ -1,489.20",Food,Food
414,14/04/2024,TESCO STORES 6611 (VIA APPLE £ 4.15,0.0,4.15,"£ -1,485.41",Groceries,Groceries
416,13/04/2024,CARD PAYMENT TO TESCO £ 5.00,0.0,5.0,"£ -1,481.26",Groceries,Other
418,13/04/2024,CARD PAYMENT TO TFL TRAVEL £ 1.75,0.0,1.75,"£ -1,476.26",Transport,Transport
420,13/04/2024,CARD PAYMENT TO THREE ON £ 20.00,0.0,20.0,"£ -1,474.51",Other,Other
422,13/04/2024,CARD PAYMENT TO THREE ON £ 20.00,0.0,20.0,"£ -1,454.51",Other,Other
424,12/04/2024,MEDI FOOD CENTRE (VIA APPLE £ 2.88,0.0,2.88,"£ -1,434.51",Food,Food
426,11/04/2024,"TFL TRAVEL CH (VIA APPLE PAY), £ 7.60",0.0,7.6,"£ -1,431.63",Transport,Transport
428,11/04/2024,CARD PAYMENT TO AMAZON* £ 28.98,0.0,28.98,"£ -1,424.03",Shopping,Shopping
430,11/04/2024,MEDI FOOD CENTRE (VIA APPLE £ 3.67,0.0,3.67,"£ -1,395.05",Food,Food
432,11/04/2024,TESCO STORES 2544 (VIA APPLE £ 19.85,0.0,19.85,"£ -1,391.38",Groceries,Groceries
434,11/04/2024,TESCO STORES 2544 (VIA APPLE £ 5.70,0.0,5.7,"£ -1,371.53",Groceries,Groceries
436,10/04/2024,SQ *CAFE DE NATA - SOU (VIA £ 3.45,0.0,3.45,"£ -1,365.83",Food,Other
438,10/04/2024,0,145.0,0.0,"£ -1,362.38",Other,Other
440,05/04/2024,"TFL TRAVEL CH (VIA APPLE PAY), £ 1.75",0.0,1.75,"£ -1,507.38",Transport,Transport
442,04/04/2024,"TFL TRAVEL CH (VIA APPLE PAY), £ 3.20",0.0,3.2,"£ -1,505.63",Transport,Transport
444,03/04/2024,"ALDI 776-048 (VIA APPLE PAY), ON £ 2.19",0.0,2.19,"£ -1,502.43",Other,Other
446,03/04/2024,"TFL TRAVEL CH (VIA APPLE PAY), £ 3.50",0.0,3.5,"£ -1,500.24",Transport,Transport
448,03/04/2024,TESCO STORES 6611 (VIA APPLE £ 1.10,0.0,1.1,"£ -1,496.74",Groceries,Groceries
450,03/04/2024,ALLENS PHARMACY (VIA APPLE £ 4.25,0.0,4.25,"£ -1,495.64",Health,Health
452,02/04/2024,"TFL TRAVEL CH (VIA APPLE PAY), £ 3.50",0.0,3.5,"£ -1,491.39",Transport,Transport
454,02/04/2024,TESCO STORES 6611 (VIA APPLE £ 1.10,0.0,1.1,"£ -1,487.89",Groceries,Groceries
456,01/04/2024,"TFL TRAVEL CH (VIA APPLE PAY), £ 3.50",0.0,3.5,"£ -1,486.79",Transport,Transport
458,01/04/2024,TESCO STORES 6611 (VIA APPLE £ 3.40,0.0,3.4,"£ -1,483.29",Groceries,Groceries
460,31/03/2024,"TFL TRAVEL CH (VIA APPLE PAY), £ 3.50",0.0,3.5,"£ -1,479.89",Transport,Transport
462,31/03/2024,TESCO STORES 6611 (VIA APPLE £ 1.10,0.0,1.1,"£ -1,476.39",Groceries,Groceries
464,30/03/2024,"TFL TRAVEL CH (VIA APPLE PAY), £ 3.50",0.0,3.5,"£ -1,475.29",Transport,Transport
466,29/03/2024,110 TOTAL DENTISTRY (VIA APPLE £ 95.00,0.0,95.0,"£ -1,471.79",Health,Health
468,29/03/2024,"TFL TRAVEL CH (VIA APPLE PAY), £ 3.50",0.0,3.5,"£ -1,376.79",Transport,Transport
470,29/03/2024,TRUE CHICKEN LTD (VIA APPLE £ 11.28,0.0,11.28,"£ -1,373.29",Other,Other
472,29/03/2024,TRUE CHICKEN LTD (VIA APPLE £ 8.29,0.0,8.29,"£ -1,362.01",Other,Other
474,29/03/2024,"KFC (VIA APPLE PAY), ON £ 8.99",0.0,8.99,"£ -1,353.72",Food,Food
476,28/03/2024,MEDI FOOD CENTRE (VIA APPLE £ 2.39,0.0,2.39,"£ -1,344.73",Food,Food
478,28/03/2024,TESCO STORES 2544 (VIA APPLE £ 4.15,0.0,4.15,"£ -1,342.34",Groceries,Groceries
480,28/03/2024,"COSTA COFFEE (VIA APPLE PAY), £ 6.50",0.0,6.5,"£ -1,338.19",Food,Food
482,27/03/2024,"TFL TRAVEL CH (VIA APPLE PAY), £ 3.50",0.0,3.5,"£ -1,331.69",Transport,Transport
484,27/03/2024,TRUE CHICKEN LTD (VIA APPLE £ 9.38,0.0,9.38,"£ -1,328.19",Other,Other
486,27/03/2024,COOTES PHARMACY LTD (VIA £ 2.00,0.0,2.0,"£ -1,318.81",Health,Health
488,27/03/2024,ARRANGED OVERDRAFT £ 10.26,0.0,10.26,"£ -1,316.81",Other,Other
490,27/03/2024,TESCO STORES 6611 (VIA APPLE £ 1.10,0.0,1.1,"£ -1,306.55",Groceries,Groceries
492,27/03/2024,CARD PAYMENT TO NETFLIX.COM £ 4.99,0.0,4.99,"£ -1,305.45",Transport,Transport
494,26/03/2024,"TFL TRAVEL CH (VIA APPLE PAY), £ 3.50",0.0,3.5,"£ -1,300.46",Transport,Transport
496,26/03/2024,ALLENS PHARMACY (VIA APPLE £ 4.75,0.0,4.75,"£ -1,296.96",Health,Health
498,26/03/2024,TESCO STORES 6611 (VIA APPLE £ 1.10,0.0,1.1,"£ -1,292.21",Groceries,Groceries
500,25/03/2024,MEDI FOOD CENTRE (VIA APPLE £ 2.58,0.0,2.58,"£ -1,291.11",Food,Food
502,25/03/2024,"TFL TRAVEL CH (VIA APPLE PAY), £ 5.25",0.0,5.25,"£ -1,288.53",Transport,Transport
504,25/03/2024,TESCO STORES 6611 (VIA APPLE £ 6.30,0.0,6.3,"£ -1,283.28",Groceries,Groceries
506,24/03/2024,"TFL TRAVEL CH (VIA APPLE PAY), £ 5.25",0.0,5.25,"£ -1,276.98",Transport,Transport
508,24/03/2024,TRUE CHICKEN LTD (VIA APPLE £ 8.29,0.0,8.29,"£ -1,271.73",Other,Other
510,24/03/2024,TESCO STORES 6611 (VIA APPLE £ 3.40,0.0,3.4,"£ -1,263.44",Groceries,Groceries
512,24/03/2024,"TFL TRAVEL CH (VIA APPLE PAY), £ 3.50",0.0,3.5,"£ -1,260.04",Transport,Transport
514,23/03/2024,MEDI FOOD CENTRE (VIA APPLE £ 3.29,0.0,3.29,"£ -1,256.54",Food,Food
516,23/03/2024,TESCO STORES 6611 (VIA APPLE £ 1.10,0.0,1.1,"£ -1,253.25",Groceries,Groceries
518,22/03/2024,"TFL TRAVEL CH (VIA APPLE PAY), £ 3.50",0.0,3.5,"£ -1,252.15",Transport,Transport
520,22/03/2024,TESCO STORES 6611 (VIA APPLE £ 1.10,0.0,1.1,"£ -1,248.65",Groceries,Groceries
522,21/03/2024,MEDI FOOD CENTRE (VIA APPLE £ 2.37,0.0,2.37,"£ -1,247.55",Food,Food
524,21/03/2024,DURUM OCAKBASI RESTAUR (VIA £ 7.50,0.0,7.5,"£ -1,245.18",Other,Other
526,21/03/2024,TESCO STORES 2544 (VIA APPLE £ 5.60,0.0,5.6,"£ -1,237.68",Groceries,Groceries
528,21/03/2024,"MR TRIMMER (VIA APPLE PAY), £ 30.00",0.0,30.0,"£ -1,232.08",Other,Other
530,21/03/2024,"COSTA COFFEE (VIA APPLE PAY), £ 4.15",0.0,4.15,"£ -1,202.08",Food,Food
532,21/03/2024,"COSTA COFFEE (VIA APPLE PAY), £ 11.70",0.0,11.7,"£ -1,197.93",Food,Food
534,20/03/2024,"TFL TRAVEL CH (VIA APPLE PAY), £ 1.75",0.0,1.75,"£ -1,186.23",Transport,Transport
536,20/03/2024,TRUE CHICKEN LTD (VIA APPLE £ 9.28,0.0,9.28,"£ -1,184.48",Other,Other
538,20/03/2024,TESCO STORES 6611 (VIA APPLE £ 1.10,0.0,1.1,"£ -1,175.20",Groceries,Groceries
540,19/03/2024,"APPLE.COM/BILL (VIA APPLE PAY), £ 10.99",0.0,10.99,"£ -1,174.10",Bills,Bills
542,19/03/2024,MEDI FOOD CENTRE (VIA APPLE £ 1.84,0.0,1.84,"£ -1,163.11",Food,Food
544,19/03/2024,TESCO STORES 6611 (VIA APPLE £ 3.40,0.0,3.4,"£ -1,161.27",Groceries,Groceries
546,17/03/2024,BILL PAYMENT VIA FASTER £ 50.00,0.0,50.0,"£ -1,157.87",Bills,Bills
550,17/03/2024,Third party payment made via £ 196.13,0.0,196.13,"£ -1,107.87",Other,Other
553,17/03/2024,0,600.0,0.0,£ -911.74,Other,Other
556,19/02/2024,"TFL TRAVEL CH (VIA APPLE PAY), £ 3.50",0.0,3.5,"£ -1,511.74",Transport,Transport
558,18/02/2024,"TFL TRAVEL CH (VIA APPLE PAY), £ 3.50",0.0,3.5,"£ -1,508.24",Transport,Transport
560,18/02/2024,"TFL TRAVEL CH (VIA APPLE PAY), £ 3.50",0.0,3.5,"£ -1,504.74",Transport,Transport
562,16/02/2024,"TFL TRAVEL CH (VIA APPLE PAY), £ 3.50",0.0,3.5,"£ -1,501.24",Transport,Transport
564,16/02/2024,0,0.0,2.3,"£ -1,497.74",Other,Other
568,16/02/2024,"KFC (VIA APPLE PAY), ON £ 7.98",0.0,7.98,"£ -1,495.44",Food,Food
570,16/02/2024,"BOOTS,SOUTHGATE (VIA APPLE £ 4.40",0.0,4.4,"£ -1,487.46",Other,Other
572,15/02/2024,"TFL TRAVEL CH (VIA APPLE PAY), £ 3.50",0.0,3.5,"£ -1,483.06",Transport,Transport
574,14/02/2024,"MCDONALDS 31 (VIA APPLE PAY), £ 4.28",0.0,4.28,"£ -1,479.56",Other,Other
576,14/02/2024,"TFL TRAVEL CH (VIA APPLE PAY), £ 3.50",0.0,3.5,"£ -1,475.28",Transport,Transport
578,14/02/2024,"COSTA COFFEE (VIA APPLE PAY), £ 3.95",0.0,3.95,"£ -1,471.78",Food,Food
580,13/02/2024,DICLE FOOD CENTRE (VIA APPLE £ 0.99,0.0,0.99,"£ -1,467.83",Food,Food
582,13/02/2024,TRUE CHICKEN LTD (VIA APPLE £ 7.99,0.0,7.99,"£ -1,466.84",Other,Other
584,13/02/2024,"STARBUCKS (VIA APPLE PAY), ON £ 2.85",0.0,2.85,"£ -1,458.85",Food,Food
586,13/02/2024,ZETTLE_*FINCHLEY POKE (VIA £ 8.36,0.0,8.36,"£ -1,456.00",Other,Other
588,13/02/2024,"COSTA COFFEE (VIA APPLE PAY), £ 4.25",0.0,4.25,"£ -1,447.64",Food,Food
590,12/02/2024,"TINTICO (VIA APPLE PAY), ON £ 4.00",0.0,4.0,"£ -1,443.39",Other,Other
592,12/02/2024,"TINTICO (VIA APPLE PAY), ON £ 3.30",0.0,3.3,"£ -1,439.39",Other,Other
594,10/02/2024,"COSTA COFFEE (VIA APPLE PAY), £ 4.35",0.0,4.35,"£ -1,436.09",Food,Food
596,10/02/2024,"STARBUCKS (VIA APPLE PAY), ON £ 5.20",0.0,5.2,"£ -1,431.74",Food,Food
598,10/02/2024,"COSTA COFFEE (VIA APPLE PAY), £ 4.25",0.0,4.25,"£ -1,426.54",Food,Food
600,10/02/2024,TESCO STORES 2544 (VIA APPLE £ 4.15,0.0,4.15,"£ -1,422.29",Groceries,Groceries
602,10/02/2024,TESCO STORES 2544 (VIA APPLE £ 3.90,0.0,3.9,"£ -1,418.14",Groceries,Groceries
604,10/02/2024,"COSTA COFFEE (VIA APPLE PAY), £ 4.25",0.0,4.25,"£ -1,414.24",Food,Food
606,09/02/2024,BILL PAYMENT VIA FASTER £ 1.00,0.0,1.0,"£ -1,409.99",Bills,Bills
609,09/02/2024,TESCO STORES 2544 (VIA APPLE £ 3.90,0.0,3.9,"£ -1,408.99",Groceries,Groceries
611,08/02/2024,0,100.0,0.0,"£ -1,405.09",Other,Other
613,01/02/2024,DICLE FOOD CENTRE (VIA APPLE £ 6.52,0.0,6.52,"£ -1,505.09",Food,Food
615,01/02/2024,CARD PAYMENT TO DICLE FOOD £ 4.66,0.0,4.66,"£ -1,498.57",Food,Other
617,01/02/2024,"PROPER PIZZA (VIA APPLE PAY), £ 10.95",0.0,10.95,"£ -1,493.91",Food,Food
619,01/02/2024,TESCO STORES 2544 (VIA APPLE £ 7.00,0.0,7.0,"£ -1,482.96",Groceries,Groceries
621,31/01/2024,0,0.0,4.25,"£ -1,475.96",Other,Other
625,30/01/2024,TESCO STORES 2544 (VIA APPLE £ 0.65,0.0,0.65,"£ -1,471.71",Groceries,Groceries
627,30/01/2024,TESCO STORES 2544 (VIA APPLE £ 5.15,0.0,5.15,"£ -1,471.06",Groceries,Groceries
629,28/01/2024,TESCO STORES 2544 (VIA APPLE £ 4.80,0.0,4.8,"£ -1,465.91",Groceries,Groceries
631,28/01/2024,"COSTA COFFEE (VIA APPLE PAY), £ 4.25",0.0,4.25,"£ -1,461.11",Food,Food
633,27/01/2024,DICLE FOOD CENTRE (VIA APPLE £ 12.04,0.0,12.04,"£ -1,456.86",Food,Food
635,27/01/2024,"STARBUCKS (VIA APPLE PAY), ON £ 2.85",0.0,2.85,"£ -1,444.82",Food,Food
637,27/01/2024,ARRANGED OVERDRAFT £ 13.06,0.0,13.06,"£ -1,441.97",Other,Other
639,26/01/2024,TURKISH GOBBLE (VIA APPLE £ 6.95,0.0,6.95,"£ -1,428.91",Other,Other
641,26/01/2024,"COSTA COFFEE (VIA APPLE PAY), £ 4.25",0.0,4.25,"£ -1,421.96",Food,Food
643,26/01/2024,"COSTA COFFEE (VIA APPLE PAY), £ 2.65",0.0,2.65,"£ -1,417.71",Food,Food
645,26/01/2024,"COSTA COFFEE (VIA APPLE PAY), £ 1.70",0.0,1.7,"£ -1,415.06",Food,Food
647,25/01/2024,"MCDONALDS (VIA APPLE PAY), ON £ 8.17",0.0,8.17,"£ -1,413.36",Other,Other
649,25/01/2024,"TFL TRAVEL CH (VIA APPLE PAY), £ 4.95",0.0,4.95,"£ -1,405.19",Transport,Transport
651,25/01/2024,"STARBUCKS (VIA APPLE PAY), ON £ 2.95",0.0,2.95,"£ -1,400.24",Food,Food
653,25/01/2024,TESCO STORES 2544 (VIA APPLE £ 2.59,0.0,2.59,"£ -1,397.29",Groceries,Groceries
655,25/01/2024,SQ *CAFE DE NATA - SOH (VIA £ 5.90,0.0,5.9,"£ -1,394.70",Food,Food
657,25/01/2024,"COSTA COFFEE (VIA APPLE PAY), £ 4.25",0.0,4.25,"£ -1,388.80",Food,Food
659,24/01/2024,"WAITROSE 876 (VIA APPLE PAY), £ 3.70",0.0,3.7,"£ -1,384.55",Other,Other
661,24/01/2024,TESCO STORES 2544 (VIA APPLE £ 14.80,0.0,14.8,"£ -1,380.85",Groceries,Groceries
663,24/01/2024,TESCO STORES 2544 (VIA APPLE £ 3.90,0.0,3.9,"£ -1,366.05",Groceries,Groceries
665,24/01/2024,"COSTA COFFEE (VIA APPLE PAY), £ 4.25",0.0,4.25,"£ -1,362.15",Food,Food
667,23/01/2024,"WAITROSE 876 (VIA APPLE PAY), £ 6.60",0.0,6.6,"£ -1,357.90",Other,Other
669,23/01/2024,BILL PAYMENT VIA FASTER £ 200.00,0.0,200.0,"£ -1,351.30",Bills,Bills
673,23/01/2024,TESCO STORES 2544 (VIA APPLE £ 9.70,0.0,9.7,"£ -1,151.30",Groceries,Groceries
675,23/01/2024,TESCO STORES 2544 (VIA APPLE £ 3.65,0.0,3.65,"£ -1,141.60",Groceries,Groceries
677,23/01/2024,"NANOU DONUTS (VIA APPLE PAY), £ 3.40",0.0,3.4,"£ -1,137.95",Other,Other
679,22/01/2024,"COSTA COFFEE (VIA APPLE PAY), £ 2.70",0.0,2.7,"£ -1,134.55",Food,Food
681,22/01/2024,TESCO STORES 2544 (VIA APPLE £ 2.85,0.0,2.85,"£ -1,131.85",Groceries,Groceries
683,22/01/2024,"COSTA COFFEE (VIA APPLE PAY), £ 2.75",0.0,2.75,"£ -1,129.00",Food,Food
685,22/01/2024,"COSTA COFFEE (VIA APPLE PAY), £ 4.25",0.0,4.25,"£ -1,126.25",Food,Food
687,21/01/2024,TESCO STORES 2544 (VIA APPLE £ 1.50,0.0,1.5,"£ -1,122.00",Groceries,Groceries
689,21/01/2024,TESCO STORES 2544 (VIA APPLE £ 1.62,0.0,1.62,"£ -1,120.50",Groceries,Groceries
691,21/01/2024,"COSTA COFFEE (VIA APPLE PAY), £ 1.95",0.0,1.95,"£ -1,118.88",Food,Food
693,21/01/2024,"COSTA COFFEE (VIA APPLE PAY), £ 4.25",0.0,4.25,"£ -1,116.93",Food,Food
695,20/01/2024,MCDONALDS 420 (VIA APPLE £ 4.28,0.0,4.28,"£ -1,112.68",Other,Other
697,20/01/2024,"STARBUCKS (VIA APPLE PAY), ON £ 2.85",0.0,2.85,"£ -1,108.40",Food,Food
699,20/01/2024,CARD PAYMENT TO THREE ON £ 20.00,0.0,20.0,"£ -1,105.55",Other,Other
701,20/01/2024,TESCO STORES 2544 (VIA APPLE £ 7.50,0.0,7.5,"£ -1,085.55",Groceries,Groceries
703,20/01/2024,"COSTA COFFEE (VIA APPLE PAY), £ 4.25",0.0,4.25,"£ -1,078.05",Food,Food
705,19/01/2024,"THE BOHEMIA (VIA APPLE PAY), £ 11.90",0.0,11.9,"£ -1,073.80",Other,Other
707,19/01/2024,TESCO STORES 2544 (VIA APPLE £ 2.85,0.0,2.85,"£ -1,061.90",Groceries,Groceries
709,19/01/2024,"COSTA COFFEE (VIA APPLE PAY), £ 4.25",0.0,4.25,"£ -1,059.05",Food,Food
711,18/01/2024,TESCO STORES 2296 (VIA APPLE £ 10.00,0.0,10.0,"£ -1,054.80",Groceries,Groceries
713,18/01/2024,MCDONALDS 420 (VIA APPLE £ 2.78,0.0,2.78,"£ -1,044.80",Other,Other
715,18/01/2024,"ALDI 776-048 (VIA APPLE PAY), ON £ 2.98",0.0,2.98,"£ -1,042.02",Other,Other
717,18/01/2024,"STARBUCKS (VIA APPLE PAY), ON £ 2.80",0.0,2.8,"£ -1,039.04",Food,Food
719,18/01/2024,DICLE FOOD CENTRE (VIA APPLE £ 4.44,0.0,4.44,"£ -1,036.24",Food,Food
721,18/01/2024,TESCO STORES 2544 (VIA APPLE £ 5.48,0.0,5.48,"£ -1,031.80",Groceries,Groceries
723,18/01/2024,"TINTICO (VIA APPLE PAY), ON £ 3.20",0.0,3.2,"£ -1,026.32",Other,Other
725,17/01/2024,"TINTICO (VIA APPLE PAY), ON £ 4.00",0.0,4.0,"£ -1,023.12",Other,Other
727,17/01/2024,"STARBUCKS (VIA APPLE PAY), ON £ 2.40",0.0,2.4,"£ -1,019.12",Food,Food
729,17/01/2024,"STARBUCKS (VIA APPLE PAY), ON £ 2.80",0.0,2.8,"£ -1,016.72",Food,Food
731,16/01/2024,"TFL TRAVEL CH (VIA APPLE PAY), £ 1.75",0.0,1.75,"£ -1,013.92",Transport,Transport
733,16/01/2024,"STARBUCKS (VIA APPLE PAY), ON £ 4.00",0.0,4.0,"£ -1,012.17",Food,Food
735,16/01/2024,"STARBUCKS (VIA APPLE PAY), ON £ 2.80",0.0,2.8,"£ -1,008.17",Food,Food
737,16/01/2024,BOULANGERIE JOIE DE VI (VIA £ 3.50,0.0,3.5,"£ -1,005.37",Other,Other
739,15/01/2024,BILL PAYMENT TO emre uksul £ 40.00,0.0,40.0,"£ -1,001.87",Bills,Bills
741,15/01/2024,"STARBUCKS (VIA APPLE PAY), ON £ 3.20",0.0,3.2,£ -961.87,Food,Food
743,15/01/2024,TESCO STORES 2544 (VIA APPLE £ 2.85,0.0,2.85,£ -958.67,Groceries,Groceries
745,15/01/2024,"COSTA COFFEE (VIA APPLE PAY), £ 4.25",0.0,4.25,£ -955.82,Food,Food
747,15/01/2024,BILL PAYMENT VIA FASTER £ 150.00,0.0,150.0,£ -951.57,Bills,Bills
751,14/01/2024,"TFL TRAVEL CH (VIA APPLE PAY), £ 9.90",0.0,9.9,£ -801.57,Transport,Transport
753,14/01/2024,BILL PAYMENT VIA FASTER £ 12.00,0.0,12.0,£ -791.67,Bills,Bills
757,14/01/2024,TESCO STORES 2544 (VIA APPLE £ 7.65,0.0,7.65,£ -779.67,Groceries,Groceries
759,13/01/2024,"TINTICO (VIA APPLE PAY), ON £ 11.00",0.0,11.0,£ -772.02,Other,Other
761,13/01/2024,"TINTICO (VIA APPLE PAY), ON £ 3.00",0.0,3.0,£ -761.02,Other,Other
763,12/01/2024,0,0.0,9.99,£ -758.02,Other,Other
767,12/01/2024,TESCO STORES 2544 (VIA APPLE £ 4.78,0.0,4.78,£ -748.03,Groceries,Groceries
769,12/01/2024,"TINTICO (VIA APPLE PAY), ON £ 3.30",0.0,3.3,£ -743.25,Other,Other
771,11/01/2024,CARD PAYMENT TO REMITLY ON £ 217.99,0.0,217.99,£ -739.95,Other,Other
773,11/01/2024,"TFL TRAVEL CH (VIA APPLE PAY), £ 3.80",0.0,3.8,£ -521.96,Transport,Transport
775,11/01/2024,"TINTICO (VIA APPLE PAY), ON £ 6.60",0.0,6.6,£ -518.16,Other,Other
777,11/01/2024,"COSTA COFFEE (VIA APPLE PAY), £ 4.25",0.0,4.25,£ -511.56,Food,Food
779,11/01/2024,BILL PAYMENT VIA FASTER £ 2.00,0.0,2.0,£ -507.31,Bills,Bills
782,10/01/2024,TESCO STORES 2544 (VIA APPLE £ 2.85,0.0,2.85,£ -505.31,Groceries,Groceries
784,10/01/2024,"COSTA COFFEE (VIA APPLE PAY), £ 2.65",0.0,2.65,£ -502.46,Food,Food
786,09/01/2024,CARD PAYMENT TO Resume.io ON £ 1.95,0.0,1.95,£ -499.81,Other,Other
788,09/01/2024,"COSTA COFFEE (VIA APPLE PAY), £ 4.25",0.0,4.25,£ -497.86,Food,Food
790,09/01/2024,MEGA ORGANIX & COFFEE (VIA £ 3.20,0.0,3.2,£ -493.61,Food,Food
792,09/01/2024,0,0.0,4.7,£ -490.41,Other,Other
796,09/01/2024,"TINTICO (VIA APPLE PAY), ON £ 3.30",0.0,3.3,£ -485.71,Other,Other
798,08/01/2024,MEGA FOOD CENTRE (VIA APPLE £ 3.98,0.0,3.98,£ -482.41,Food,Food
800,08/01/2024,TESCO STORES 2544 (VIA APPLE £ 5.50,0.0,5.5,£ -478.43,Groceries,Groceries
802,08/01/2024,"COSTA COFFEE (VIA APPLE PAY), £ 3.80",0.0,3.8,£ -472.93,Food,Food
804,07/01/2024,"ALDI 776-048 (VIA APPLE PAY), ON £ 4.44",0.0,4.44,£ -469.13,Other,Other
806,07/01/2024,"STARBUCKS (VIA APPLE PAY), ON £ 2.80",0.0,2.8,£ -464.69,Food,Food
808,07/01/2024,IT S PITA TIME LTD (VIA APPLE £ 9.20,0.0,9.2,£ -461.89,Other,Other
810,07/01/2024,TESCO STORES 2544 (VIA APPLE £ 2.85,0.0,2.85,£ -452.69,Groceries,Groceries
812,07/01/2024,"COSTA COFFEE (VIA APPLE PAY), £ 5.20",0.0,5.2,£ -449.84,Food,Food
814,07/01/2024,"COSTA COFFEE (VIA APPLE PAY), £ 3.80",0.0,3.8,£ -444.64,Food,Food
816,06/01/2024,BILL PAYMENT VIA FASTER £ 20.00,0.0,20.0,£ -440.84,Bills,Bills
819,06/01/2024,"TFL TRAVEL CH (VIA APPLE PAY), £ 11.70",0.0,11.7,£ -420.84,Transport,Transport
821,06/01/2024,0,0.0,10.0,£ -409.14,Other,Other
825,06/01/2024,"STARBUCKS (VIA APPLE PAY), ON £ 6.60",0.0,6.6,£ -399.14,Food,Food
827,06/01/2024,"MM E&C LTD (VIA APPLE PAY), ON £ 12.80",0.0,12.8,£ -392.54,Other,Other
829,06/01/2024,TESCO STORES 2544 (VIA APPLE £ 8.65,0.0,8.65,£ -379.74,Groceries,Groceries
831,06/01/2024,0,6.0,0.0,£ -371.09,Other,Other
833,05/01/2024,BILL PAYMENT VIA FASTER £ 10.00,0.0,10.0,£ -377.09,Bills,Bills
836,05/01/2024,0,6.0,0.0,£ -367.09,Other,Other
838,04/01/2024,"NANOU DONUTS (VIA APPLE PAY), £ 3.50",0.0,3.5,£ -373.09,Other,Other
840,03/01/2024,TESCO STORES 2544 (VIA APPLE £ 3.33,0.0,3.33,£ -369.59,Groceries,Groceries
842,03/01/2024,"COSTA COFFEE (VIA APPLE PAY), £ 3.80",0.0,3.8,£ -366.26,Food,Food
844,03/01/2024,CARD PAYMENT TO Nanou Donuts £ 2.50,0.0,2.5,£ -362.46,Other,Other
846,02/01/2024,MCDONALDS 420 (VIA APPLE £ 7.57,0.0,7.57,£ -359.96,Other,Other
848,02/01/2024,TESCO STORES 2544 (VIA APPLE £ 6.50,0.0,6.5,£ -352.39,Groceries,Groceries
850,01/01/2024,0,0.0,1.2,£ -345.89,Other,Other
854,31/12/2023,"COSTA COFFEE (VIA APPLE PAY), £ 3.80",0.0,3.8,£ -344.69,Food,Food
856,31/12/2023,"COSTA COFFEE (VIA APPLE PAY), £ 1.95",0.0,1.95,£ -340.89,Food,Food
858,30/12/2023,MEGA FOOD CENTRE (VIA APPLE £ 2.98,0.0,2.98,£ -338.94,Food,Food
860,30/12/2023,TESCO STORES 2544 (VIA APPLE £ 1.34,0.0,1.34,£ -335.96,Groceries,Groceries
862,30/12/2023,TESCO STORES 2544 (VIA APPLE £ 5.50,0.0,5.5,£ -334.62,Groceries,Groceries
864,30/12/2023,"NANOU DONUTS (VIA APPLE PAY), £ 3.50",0.0,3.5,£ -329.12,Other,Other
866,30/12/2023,"COSTA COFFEE (VIA APPLE PAY), £ 3.80",0.0,3.8,£ -325.62,Food,Food
868,29/12/2023,UBR* PENDING.UBER.COM (VIA £ 7.98,0.0,7.98,£ -321.82,Transport,Transport
870,29/12/2023,"COSTA COFFEE (VIA APPLE PAY), £ 2.65",0.0,2.65,£ -313.84,Food,Food
872,29/12/2023,TESCO STORES 2544 (VIA APPLE £ 9.20,0.0,9.2,£ -311.19,Groceries,Groceries
874,29/12/2023,"NANOU DONUTS (VIA APPLE PAY), £ 3.50",0.0,3.5,£ -301.99,Other,Other
876,29/12/2023,"COSTA COFFEE (VIA APPLE PAY), £ 3.80",0.0,3.8,£ -298.49,Food,Food
878,29/12/2023,CARD PAYMENT TO APPLE.COM/ £ 10.99,0.0,10.99,£ -294.69,Other,Other
880,28/12/2023,"MCDONALDS (VIA APPLE PAY), ON £ 4.58",0.0,4.58,£ -283.70,Other,Other
882,28/12/2023,CAREBROOK LTD (VIA APPLE £ 3.60,0.0,3.6,£ -279.12,Other,Other
884,28/12/2023,"TFL TRAVEL CH (VIA APPLE PAY), £ 10.85",0.0,10.85,£ -275.52,Transport,Transport
886,28/12/2023,TESCO STORES 2544 (VIA APPLE £ 2.85,0.0,2.85,£ -264.67,Groceries,Groceries
888,28/12/2023,"COSTA COFFEE (VIA APPLE PAY), £ 5.75",0.0,5.75,£ -261.82,Food,Food
890,28/12/2023,BILL PAYMENT VIA FASTER £ 120.00,0.0,120.0,£ -256.07,Bills,Bills
893,27/12/2023,DICLE FOOD CENTRE (VIA APPLE £ 4.26,0.0,4.26,£ -136.07,Food,Food
895,27/12/2023,ARRANGED OVERDRAFT £ 14.47,0.0,14.47,£ -131.81,Other,Other
897,27/12/2023,TESCO STORES 2544 (VIA APPLE £ 3.90,0.0,3.9,£ -117.34,Groceries,Groceries
899,27/12/2023,"BESPOKE CAFE (VIA APPLE PAY), £ 6.20",0.0,6.2,£ -113.44,Food,Food
901,27/12/2023,"BESPOKE CAFE (VIA APPLE PAY), £ 2.65",0.0,2.65,£ -107.24,Food,Food
903,26/12/2023,DICLE FOOD CENTRE (VIA APPLE £ 3.18,0.0,3.18,£ -104.59,Food,Food
905,26/12/2023,"BESPOKE CAFE (VIA APPLE PAY), £ 3.10",0.0,3.1,£ -101.41,Food,Food
907,25/12/2023,0,0.0,7.25,£ -98.31,Other,Other
911,25/12/2023,"COSTA COFFEE (VIA APPLE PAY), £ 5.75",0.0,5.75,£ -91.06,Food,Food
913,24/12/2023,"TFL TRAVEL CH (VIA APPLE PAY), £ 7.05",0.0,7.05,£ -85.31,Transport,Transport
915,24/12/2023,SAINSBURYS S/MKTS (VIA APPLE £ 4.40,0.0,4.4,£ -78.26,Other,Other
917,24/12/2023,KFC EARLSFIELD (VIA APPLE £ 20.96,0.0,20.96,£ -73.86,Food,Other
919,24/12/2023,SHELL BATTERSEA (VIA APPLE £ 1.90,0.0,1.9,£ -52.90,Other,Other
921,23/12/2023,"TFL TRAVEL CH (VIA APPLE PAY), £ 5.30",0.0,5.3,£ -51.00,Transport,Transport
923,23/12/2023,DICLE FOOD CENTRE (VIA APPLE £ 4.98,0.0,4.98,£ -45.70,Food,Food
925,23/12/2023,KURK CHICKEN BAR (VIA APPLE £ 9.89,0.0,9.89,£ -40.72,Other,Other
927,23/12/2023,"COSTA COFFEE (VIA APPLE PAY), £ 2.50",0.0,2.5,£ -30.83,Food,Food
929,23/12/2023,"COSTA COFFEE (VIA APPLE PAY), £ 5.75",0.0,5.75,£ -28.33,Food,Food
931,23/12/2023,"APPLE.COM/BILL (VIA APPLE PAY), £ 7.99",0.0,7.99,£ -22.58,Bills,Bills
933,22/12/2023,"TFL TRAVEL CH (VIA APPLE PAY), £ 3.20",0.0,3.2,£ -14.59,Transport,Transport
935,22/12/2023,MARTIN MCCOLL (VIA APPLE £ 2.19,0.0,2.19,£ -11.39,Other,Other
937,22/12/2023,"COSTA COFFEE (VIA APPLE PAY), £ 9.00",0.0,9.0,£ -9.20,Food,Food
939,22/12/2023,POST OFFICE COUNTER (VIA £ 4.40,0.0,4.4,£ -0.20,Other,Other
941,22/12/2023,"COSTA COFFEE (VIA APPLE PAY), £ 1.95",0.0,1.95,£ 4.20,Food,Food
943,21/12/2023,CARD PAYMENT TO CAFFE NERO £ 6.15,0.0,6.15,£ 6.15,Other,Other
945,21/12/2023,"TFL TRAVEL CH (VIA APPLE PAY), £ 8.10",0.0,8.1,£ 12.30,Transport,Transport
947,21/12/2023,CARD PAYMENT TO MIHIR KANTI £ 25.00,0.0,25.0,£ 20.40,Other,Other
949,21/12/2023,NYA*WOMBATS LONDON LTD (VIA £ 1.00,0.0,1.0,£ 45.40,Other,Other
951,21/12/2023,CARD PAYMENT TO BKG*HOTEL £ 117.00,0.0,117.0,£ 46.40,Other,Other
953,21/12/2023,ZETTLE_*INSIDE SUCCESS (VIA £ 5.00,0.0,5.0,£ 163.40,Other,Other
955,21/12/2023,ZETTLE_*GOURMET SAUSAG (VIA £ 24.00,0.0,24.0,£ 168.40,Other,Other
957,21/12/2023,CARD PAYMENT TO SQ *HAYS ON £ 11.00,0.0,11.0,£ 192.40,Other,Other
959,20/12/2023,CARD PAYMENT TO Happy Bones £ 3.80,0.0,3.8,£ 203.40,Other,Other
961,20/12/2023,"TFL TRAVEL CH (VIA APPLE PAY), £ 5.90",0.0,5.9,£ 207.20,Transport,Transport
963,20/12/2023,LEICESTER SQUARE YOKOC (VIA £ 52.07,0.0,52.07,£ 213.10,Other,Other
965,20/12/2023,CROWN & SCEPTRE (VIA APPLE £ 15.40,0.0,15.4,£ 265.17,Other,Other
967,20/12/2023,UBR* PENDING.UBER.COM (VIA £ 19.92,0.0,19.92,£ 280.57,Transport,Transport
969,20/12/2023,CARD PAYMENT TO TESCO £ 21.35,0.0,21.35,£ 300.49,Groceries,Other
971,20/12/2023,CARD PAYMENT TO Dr Martens £ 177.50,0.0,177.5,£ 321.84,Other,Other
973,20/12/2023,DINES* TSQ JOBLAKECAFE (VIA £ 13.00,0.0,13.0,£ 499.34,Food,Other
975,20/12/2023,CARD PAYMENT TO LANGHAM £ 139.09,0.0,139.09,£ 512.34,Other,Other
977,19/12/2023,CARD PAYMENT TO THREE ON £ 20.00,0.0,20.0,£ 651.43,Other,Other
979,19/12/2023,BROADWICK STREET LEON (VIA £ 10.98,0.0,10.98,£ 671.43,Other,Other
981,19/12/2023,BOLT.EU/O/2312190102 (VIA £ 11.20,0.0,11.2,£ 682.41,Other,Other
983,19/12/2023,CARD PAYMENT TO £ 20.00,0.0,20.0,£ 693.61,Other,Other
986,19/12/2023,SIR SYDNEY SMITH (VIA APPLE £ 11.60,0.0,11.6,£ 713.61,Other,Other
988,19/12/2023,"COSTA COFFEE (VIA APPLE PAY), £ 4.05",0.0,4.05,£ 725.21,Food,Food
990,19/12/2023,"COSTA COFFEE (VIA APPLE PAY), £ 3.80",0.0,3.8,£ 729.26,Food,Food
992,19/12/2023,0,0.0,9.83,£ 733.06,Other,Other
996,19/12/2023,TESCO STORES 2249 (VIA APPLE £ 5.15,0.0,5.15,£ 742.89,Groceries,Groceries
998,19/12/2023,TESCO STORES 2249 (VIA APPLE £ 3.00,0.0,3.0,£ 748.04,Groceries,Groceries
1000,19/12/2023,"COSTA COFFEE (VIA APPLE PAY), £ 6.30",0.0,6.3,£ 751.04,Food,Food
1002,18/12/2023,0,280.0,0.0,£ 757.34,Other,Other
1004,17/12/2023,"COSTA COFFEE (VIA APPLE PAY), £ 1.95",0.0,1.95,£ 477.34,Food,Food
1006,17/12/2023,"COSTA COFFEE (VIA APPLE PAY), £ 3.80",0.0,3.8,£ 479.29,Food,Food
1008,16/12/2023,TESCO STORES 2544 (VIA APPLE £ 2.60,0.0,2.6,£ 483.09,Groceries,Groceries
1010,15/12/2023,CASH WITHDRAWAL AT £ 10.00,0.0,10.0,£ 485.69,Other,Other
1014,13/12/2023,Third party payment made via £ 200.00,0.0,200.0,£ 495.69,Other,Other
1017,13/12/2023,WITHDRAWAL 200.00 CASH AT £ 200.00,0.0,200.0,£ 695.69,Other,Other
1019,13/12/2023,0,2385.0,0.0,£ 895.69,Other,Other
1020,12/12/2023,0,60.0,0.0,"£ -1,489.31",Other,Other
1021,28/11/2023,0,0.0,13.47,"£ -1,549.31",Other,Other
1025,27/10/2023,ARRANGED OVERDRAFT £ 14.01,0.0,14.01,"£ -1,535.84",Other,Other
1027,27/09/2023,CARD PAYMENT TO AMZN Mktp DE £ 11.08,0.0,11.08,"£ -1,521.83",Other,Other
1029,27/09/2023,ARRANGED OVERDRAFT £ 14.15,0.0,14.15,"£ -1,510.75",Other,Other
1031,27/09/2023,CARD PAYMENT TO AMZN Mktp £ 38.55,0.0,38.55,"£ -1,496.60",Other,Other
1033,20/09/2023,EDEKA MOTZ OBERDORLA (VIA £ 9.96,0.0,9.96,"£ -1,458.05",Other,Other
1036,20/09/2023,FOREIGN CURRENCY £ 0.29,0.0,0.29,"£ -1,448.09",Other,Other
1038,16/09/2023,TRAVYS STE-CROIX (VIA APPLE £ 10.09,0.0,10.09,"£ -1,447.80",Other,Other
1041,16/09/2023,FOREIGN CURRENCY £ 0.30,0.0,0.3,"£ -1,437.71",Other,Other
1043,16/09/2023,COOP PRONTO YVERDON (VIA £ 8.20,0.0,8.2,"£ -1,437.41",Other,Other
1046,16/09/2023,FOREIGN CURRENCY £ 0.24,0.0,0.24,"£ -1,429.21",Other,Other
1048,15/09/2023,CARD PAYMENT TO giffgaff ON £ 15.00,0.0,15.0,"£ -1,428.97",Other,Other
1050,13/09/2023,CARD PAYMENT TO Spotify £ 5.99,0.0,5.99,"£ -1,413.97",Other,Other
1052,12/09/2023,0,87.03,0.0,"£ -1,407.98",Other,Other
1054,11/09/2023,CAFFE NERO 132 GATWICK (VIA £ 3.55,0.0,3.55,"£ -1,495.01",Other,Other
1056,11/09/2023,"GREGGS PLC (VIA APPLE PAY), £ 6.20",0.0,6.2,"£ -1,491.46",Other,Other
1058,11/09/2023,WH SMITH GATWICK SOUTH (VIA £ 2.79,0.0,2.79,"£ -1,485.26",Other,Other
1060,11/09/2023,CARD PAYMENT TO GLOBAL £ 40.18,0.0,40.18,"£ -1,482.47",Other,Other
1062,10/09/2023,CARD PAYMENT TO APPLE.COM/ £ 2.99,0.0,2.99,"£ -1,442.29",Other,Other
1064,10/09/2023,0,50.0,0.0,"£ -1,439.30",Other,Other
1066,10/09/2023,TESCO STORES 6300 (VIA APPLE £ 5.00,0.0,5.0,"£ -1,489.30",Groceries,Groceries
1068,10/09/2023,0,6.0,0.0,"£ -1,484.30",Other,Other
1070,09/09/2023,0,17.0,0.0,"£ -1,490.30",Other,Other
1072,06/09/2023,CARD PAYMENT TO National £ 22.60,0.0,22.6,"£ -1,507.30",Other,Other
1074,05/09/2023,CARD PAYMENT TO £ 101.47,0.0,101.47,"£ -1,484.70",Other,Other
1077,04/09/2023,0,20.0,0.0,"£ -1,383.23",Other,Other
1079,04/09/2023,0,101.0,0.0,"£ -1,403.23",Other,Other
1083,04/09/2023,"BURGRILL (VIA APPLE PAY), ON £ 9.58",0.0,9.58,"£ -1,504.23",Other,Other
1085,31/08/2023,CARD PAYMENT TO giffgaff ON £ 15.00,0.0,15.0,"£ -1,494.65",Other,Other
1087,31/08/2023,0,30.0,0.0,"£ -1,479.65",Other,Other
1089,10/08/2023,"DELIVEROO (VIA APPLE PAY), ON £ 21.25",0.0,21.25,"£ -1,509.65",Other,Other
1091,10/08/2023,0,11.0,0.0,"£ -1,488.40",Other,Other
1093,09/08/2023,CARD PAYMENT TO CIRCUIT UK - £ 15.00,0.0,15.0,"£ -1,499.40",Other,Other
1095,09/08/2023,0,15.0,0.0,"£ -1,484.40",Other,Other
1097,08/08/2023,WM MORRISONS STORE (VIA £ 19.02,0.0,19.02,"£ -1,499.40",Groceries,Groceries
1099,08/08/2023,BILL PAYMENT VIA FASTER £ 25.00,0.0,25.0,"£ -1,480.38",Bills,Bills
1103,08/08/2023,0,25.0,0.0,"£ -1,455.38",Other,Other
1105,07/08/2023,FOREIGN CURRENCY £ 0.22,0.0,0.22,"£ -1,480.38",Other,Other
1107,07/08/2023,"CARD PAYMENT TO OF ,9.59 USD, £ 7.56",0.0,7.56,"£ -1,480.16",Other,Other
1109,07/08/2023,0,13.0,0.0,"£ -1,472.60",Other,Other
1111,07/08/2023,ANNA SUPERMARKET (VIA APPLE £ 7.41,0.0,7.41,"£ -1,485.60",Groceries,Other
1113,07/08/2023,"WINDMILL (VIA APPLE PAY), ON £ 9.10",0.0,9.1,"£ -1,478.19",Other,Other
1115,06/08/2023,0,10.0,0.0,"£ -1,469.09",Other,Other
1117,06/08/2023,0,20.0,0.0,"£ -1,479.09",Other,Other
1119,06/08/2023,BILL PAYMENT VIA FASTER £ 20.00,0.0,20.0,"£ -1,499.09",Bills,Bills
1123,06/08/2023,0,2.0,0.0,"£ -1,479.09",Other,Other
1125,06/08/2023,0,20.0,0.0,"£ -1,481.09",Other,Other
1127,06/08/2023,ART'S GREEK CUISINE (VIA APPLE £ 15.00,0.0,15.0,"£ -1,501.09",Other,Other
1129,06/08/2023,"FIREBUG (VIA APPLE PAY), ON £ 4.80",0.0,4.8,"£ -1,486.09",Other,Other
1131,06/08/2023,"FIREBUG (VIA APPLE PAY), ON £ 4.70",0.0,4.7,"£ -1,481.29",Other,Other
1133,06/08/2023,"FIREBUG (VIA APPLE PAY), ON £ 4.60",0.0,4.6,"£ -1,476.59",Other,Other
1135,06/08/2023,TESCO STORES 6300 (VIA APPLE £ 4.60,0.0,4.6,"£ -1,471.99",Groceries,Groceries
1137,06/08/2023,"200 DEGREES (VIA APPLE PAY), £ 2.40",0.0,2.4,"£ -1,467.39",Other,Other
1139,06/08/2023,"200 DEGREES (VIA APPLE PAY), £ 3.40",0.0,3.4,"£ -1,464.99",Other,Other
1141,05/08/2023,0,3.0,0.0,"£ -1,461.59",Other,Other
1143,05/08/2023,0,15.0,0.0,"£ -1,464.59",Other,Other
1145,05/08/2023,0,7.0,0.0,"£ -1,479.59",Other,Other
1147,05/08/2023,0,4.0,0.0,"£ -1,486.59",Other,Other
1149,05/08/2023,0,4.0,0.0,"£ -1,490.59",Other,Other
1151,05/08/2023,0,4.0,0.0,"£ -1,494.59",Other,Other
1153,05/08/2023,SAINSBURYS LOCAL (VIA APPLE £ 7.15,0.0,7.15,"£ -1,498.59",Groceries,Other
1155,05/08/2023,ONE STOP STORES (VIA APPLE £ 1.80,0.0,1.8,"£ -1,491.44",Groceries,Groceries
1157,04/08/2023,WM MORRISONS STORE (VIA £ 8.73,0.0,8.73,"£ -1,489.64",Groceries,Groceries
1159,04/08/2023,0,10.0,0.0,"£ -1,480.91",Other,Other
1161,04/08/2023,BILL PAYMENT VIA FASTER £ 46.00,0.0,46.0,"£ -1,490.91",Bills,Bills
1163,04/08/2023,0,1.0,0.0,"£ -1,444.91",Other,Other
1165,04/08/2023,0,47.0,0.0,"£ -1,445.91",Other,Other
1167,03/08/2023,0,7.0,0.0,"£ -1,492.91",Other,Other
1169,03/08/2023,BILL PAYMENT VIA FASTER £ 5.00,0.0,5.0,"£ -1,499.91",Bills,Bills
1173,03/08/2023,0,11.0,0.0,"£ -1,494.91",Other,Other
1175,03/08/2023,CARD PAYMENT TO Spotify £ 5.99,0.0,5.99,"£ -1,505.91",Other,Other
1177,02/08/2023,BILL PAYMENT VIA FASTER £ 30.00,0.0,30.0,"£ -1,499.92",Bills,Bills
1181,02/08/2023,0,31.0,0.0,"£ -1,469.92",Other,Other
1183,02/08/2023,WM MORRISONS STORE (VIA £ 8.73,0.0,8.73,"£ -1,500.92",Groceries,Groceries
1185,02/08/2023,WM MORRISONS STORE (VIA £ 10.24,0.0,10.24,"£ -1,492.19",Groceries,Groceries
1187,02/08/2023,0,9.0,0.0,"£ -1,481.95",Other,Other
1189,02/08/2023,0,10.0,0.0,"£ -1,490.95",Other,Other
1191,01/08/2023,0,0.0,16.76,"£ -1,500.95",Other,Other
1195,01/08/2023,WM MORRISONS STORE (VIA £ 26.19,0.0,26.19,"£ -1,484.19",Groceries,Groceries
1197,01/08/2023,0,15.0,0.0,"£ -1,458.00",Other,Other
1199,31/07/2023,BILL PAYMENT VIA FASTER £ 55.00,0.0,55.0,"£ -1,473.00",Bills,Bills
1203,31/07/2023,0,58.0,0.0,"£ -1,418.00",Other,Other
1205,31/07/2023,0,24.0,0.0,"£ -1,476.00",Other,Other
1207,31/07/2023,TRANSFER TO MR LEFTERIS £ 956.15,0.0,956.15,"£ -1,500.00",Other,Other
1209,31/07/2023,0,958.73,0.0,£ -543.85,Other,Other
1212,29/07/2023,CARD PAYMENT TO WM £ 3.89,0.0,3.89,"£ -1,502.58",Other,Other
1215,26/07/2023,WM MORRISONS STORE (VIA £ 25.08,0.0,25.08,"£ -1,498.69",Groceries,Groceries
1217,26/07/2023,WM MORRISONS STORE (VIA £ 0.60,0.0,0.6,"£ -1,473.61",Groceries,Groceries
1219,25/07/2023,WM MORRISONS STORE (VIA £ 18.99,0.0,18.99,"£ -1,473.01",Groceries,Groceries
1221,25/07/2023,0,0.0,7.97,"£ -1,454.02",Other,Other
1225,23/07/2023,0,50.0,0.0,"£ -1,446.05",Other,Other
1228,23/07/2023,0,5.0,0.0,"£ -1,496.05",Other,Other
1231,22/07/2023,VMS UNI OF LEICESTER (VIA £ 3.50,0.0,3.5,"£ -1,501.05",Other,Other
1233,21/07/2023,SAINSBURYS S/MKTS (VIA APPLE £ 2.60,0.0,2.6,"£ -1,497.55",Other,Other
1235,21/07/2023,"LSP (VIA APPLE PAY), ON £ 1.00",0.0,1.0,"£ -1,494.95",Other,Other
1237,21/07/2023,0,3.5,0.0,"£ -1,493.95",Other,Other
1239,20/07/2023,VMS UNI OF LEICESTER (VIA £ 2.00,0.0,2.0,"£ -1,497.45",Other,Other
1241,20/07/2023,VMS UNI OF LEICESTER (VIA £ 1.00,0.0,1.0,"£ -1,495.45",Other,Other
1243,20/07/2023,VMS UNI OF LEICESTER (VIA £ 8.45,0.0,8.45,"£ -1,494.45",Other,Other
1245,19/07/2023,"LSP (VIA APPLE PAY), ON £ 6.50",0.0,6.5,"£ -1,486.00",Other,Other
1247,19/07/2023,0,15.0,0.0,"£ -1,479.50",Other,Other
1250,19/07/2023,VMS UNI OF LEICESTER (VIA £ 2.00,0.0,2.0,"£ -1,494.50",Other,Other
1252,18/07/2023,0,3.0,0.0,"£ -1,492.50",Other,Other
1255,18/07/2023,0,3.5,0.0,"£ -1,495.50",Other,Other
1258,18/07/2023,VMS UNI OF LEICESTER (VIA £ 3.50,0.0,3.5,"£ -1,499.00",Other,Other
1260,17/07/2023,0,5.0,0.0,"£ -1,495.50",Other,Other
1263,15/07/2023,"APPLE.COM/BILL (VIA APPLE PAY), £ 0.99",0.0,0.99,"£ -1,500.50",Bills,Bills
1265,14/07/2023,WM MORRISONS STORE (VIA £ 14.93,0.0,14.93,"£ -1,499.51",Groceries,Groceries
1267,14/07/2023,CARD PAYMENT TO LIDL GB LEI- £ 28.15,0.0,28.15,"£ -1,484.58",Other,Other
1269,14/07/2023,CARD PAYMENT TO giffgaff ON £ 12.00,0.0,12.0,"£ -1,456.43",Other,Other
1271,13/07/2023,BILL PAYMENT VIA FASTER £ 182.00,0.0,182.0,"£ -1,444.43",Bills,Bills
1275,12/07/2023,WM MORRISONS STORE (VIA £ 20.98,0.0,20.98,"£ -1,262.43",Groceries,Groceries
1277,11/07/2023,BILL PAYMENT VIA FASTER £ 5.00,0.0,5.0,"£ -1,241.45",Bills,Bills
1281,11/07/2023,0,0.0,5.0,"£ -1,236.45",Other,Other
1287,11/07/2023,BILL PAYMENT VIA FASTER £ 23.79,0.0,23.79,"£ -1,231.45",Bills,Bills
1291,11/07/2023,MCDONALDS 416 (VIA APPLE £ 1.19,0.0,1.19,"£ -1,207.66",Other,Other
1293,11/07/2023,CARD PAYMENT TO WM £ 17.70,0.0,17.7,"£ -1,206.47",Other,Other
1296,11/07/2023,TESCO STORES 6300 (VIA APPLE £ 5.95,0.0,5.95,"£ -1,188.77",Groceries,Groceries
1298,11/07/2023,CARD PAYMENT TO GOOGLE £ 8.99,0.0,8.99,"£ -1,182.82",Other,Other
