0,1,2,3,4
Date,Description,Money In,Money Out,Balance
28/05/2024,MEDI FOOD CENTRE (VIA APPLE,,£ 1.98,"£ -1,295.67"
,"PAY), ON 27-05-2024",,,
28/05/2024,ARRANGED OVERDRAFT,,£ 10.78,"£ -1,293.69"
,INTEREST,,,
28/05/2024,TESCO STORES 2544 (VIA APPLE,,£ 1.80,"£ -1,282.91"
,"PAY), ON 27-05-2024",,,
28/05/2024,TESCO STORES 2544 (VIA APPLE,,£ 14.20,"£ -1,281.11"
,"PAY), ON 27-05-2024",,,
28/05/2024,"APPLE.COM/BILL (VIA APPLE PAY),",,£ 19.99,"£ -1,266.91"
,ON 27-05-2024,,,
27/05/2024,MEDI FOOD CENTRE (VIA APPLE,,£ 2.58,"£ -1,246.92"
,"PAY), ON 26-05-2024",,,
27/05/2024,"TFL TRAVEL CH (VIA APPLE PAY),",,£ 29.35,"£ -1,244.34"
,ON 25-05-2024,,,
27/05/2024,"TFL TRAVEL CH (VIA APPLE PAY),",,£ 6.40,"£ -1,214.99"
,ON 26-05-2024,,,
26/05/2024,HONEST BURGERS BOROUGH,,£ 17.91,"£ -1,208.59"
,"(VIA APPLE PAY), ON 25-05-2024",,,
26/05/2024,CARD PAYMENT TO Netflix.com ON,,£ 4.99,"£ -1,190.68"
,26-05-2024,,,
26/05/2024,SAINSBURYS S/MKTS (VIA APPLE,,£ 1.10,"£ -1,185.69"
,"PAY), ON 25-05-2024",,,
26/05/2024,"AMORA GUSTO (VIA APPLE PAY),",,£ 13.40,"£ -1,184.59"
,ON 25-05-2024,,,
26/05/2024,"AMORA GUSTO (VIA APPLE PAY),",,£ 6.70,"£ -1,171.19"
,ON 25-05-2024,,,
26/05/2024,HALA RESTAURANT (VIA APPLE,,£ 8.25,"£ -1,164.49"
Date,Description,Money In,Money Out,Balance
26/05/2024,FASTER PAYMENTS RECEIPT,£ 294.82,,"£ -1,156.24"
,REF.WRH CA LIMITED FROM WRH,,,
,CA LIMITED,,,
26/05/2024,SUPERDRUG STORES PLC (VIA,,£ 11.48,"£ -1,451.06"
,"APPLE PAY), ON 25-05-2024",,,
26/05/2024,ANTEPLILER LIVER (VIA APPLE,,£ 32.00,"£ -1,439.58"
,"PAY), ON 25-05-2024",,,
26/05/2024,CITIZENM TOWER OF LOND (VIA,,£ 4.00,"£ -1,407.58"
,"APPLE PAY), ON 25-05-2024",,,
26/05/2024,CITIZENM TOWER OF LOND (VIA,,£ 3.80,"£ -1,403.58"
,"APPLE PAY), ON 25-05-2024",,,
25/05/2024,FASTER PAYMENTS RECEIPT,£ 70.00,,"£ -1,399.78"
,REF.WRH CA LIMITED FROM WRH,,,
,CA LIMITED,,,
25/05/2024,"SQ *15GRAMS (VIA APPLE PAY),",,£ 8.20,"£ -1,469.78"
,ON 25-05-2024,,,
25/05/2024,"TFL TRAVEL CH (VIA APPLE PAY),",,£ 6.40,"£ -1,461.58"
,ON 24-05-2024,,,
25/05/2024,CARD PAYMENT TO PAYPAL,,£ 9.77,"£ -1,455.18"
,*UBER EATS ON 22-05-2024,,,
25/05/2024,"BESPOKE CAFE (VIA APPLE PAY),",,£ 7.20,"£ -1,445.41"
,ON 24-05-2024,,,
24/05/2024,"TFL TRAVEL CH (VIA APPLE PAY),",,£ 6.40,"£ -1,438.21"
,ON 23-05-2024,,,
24/05/2024,MEDI FOOD CENTRE (VIA APPLE,,£ 2.38,"£ -1,431.81"
,"PAY), ON 24-05-2024",,,
24/05/2024,FASTER PAYMENTS RECEIPT,£ 60.00,,"£ -1,429.43"
Date,Description,Money In,Money Out,Balance
23/05/2024,"MR TRIMMER (VIA APPLE PAY),",,£ 30.00,"£ -1,489.43"
,ON 22-05-2024,,,
22/05/2024,"TFL TRAVEL CH (VIA APPLE PAY),",,£ 6.40,"£ -1,459.43"
,ON 21-05-2024,,,
22/05/2024,TRUE CHICKEN LTD (VIA APPLE,,£ 6.29,"£ -1,453.03"
,"PAY), ON 20-05-2024",,,
22/05/2024,FASTER PAYMENTS RECEIPT,£ 50.00,,"£ -1,446.74"
,REF.WRH CA LIMITED FROM WRH,,,
,CA LIMITED,,,
22/05/2024,TESCO STORES 2544 (VIA APPLE,,£ 5.40,"£ -1,496.74"
,"PAY), ON 21-05-2024",,,
21/05/2024,"TFL TRAVEL CH (VIA APPLE PAY),",,£ 6.40,"£ -1,491.34"
,ON 20-05-2024,,,
21/05/2024,TESCO STORES 2544 (VIA APPLE,,£ 9.30,"£ -1,484.94"
,"PAY), ON 20-05-2024",,,
20/05/2024,GAILS - SOUTH KENSINGT (VIA,,£ 6.80,"£ -1,475.64"
,"APPLE PAY), ON 19-05-2024",,,
20/05/2024,"TFL TRAVEL CH (VIA APPLE PAY),",,£ 4.95,"£ -1,468.84"
,ON 19-05-2024,,,
19/05/2024,PAME GREEK LTD (VIA APPLE,,£ 39.71,"£ -1,463.89"
,"PAY), ON 18-05-2024",,,
19/05/2024,"TFL TRAVEL CH (VIA APPLE PAY),",,£ 6.40,"£ -1,424.18"
,ON 18-05-2024,,,
19/05/2024,TRUE CHICKEN LTD (VIA APPLE,,£ 19.57,"£ -1,417.78"
,"PAY), ON 17-05-2024",,,
19/05/2024,TESCO STORES 2544 (VIA APPLE,,£ 6.75,"£ -1,398.21"
,"PAY), ON 18-05-2024",,,
19/05/2024,,,£ 1.50,"£ -1,391.46"
Date,Description,Money In,Money Out,Balance
,"HUMAN FOREST (VIA APPLE PAY),",,,
,ON 18-05-2024,,,
19/05/2024,"APPLE.COM/BILL (VIA APPLE PAY),",,£ 10.99,"£ -1,389.96"
,ON 18-05-2024,,,
18/05/2024,FASTER PAYMENTS RECEIPT,£ 100.00,,"£ -1,378.97"
,REF.WRH CA LIMITED FROM WRH,,,
,CA LIMITED,,,
18/05/2024,SUPERDRUG STORES PLC (VIA,,£ 3.99,"£ -1,478.97"
,"APPLE PAY), ON 17-05-2024",,,
18/05/2024,SUPERDRUG STORES PLC (VIA,,£ 6.88,"£ -1,474.98"
,"APPLE PAY), ON 17-05-2024",,,
18/05/2024,TESCO STORES 2544 (VIA APPLE,,£ 10.95,"£ -1,468.10"
,"PAY), ON 17-05-2024",,,
17/05/2024,"TFL TRAVEL CH (VIA APPLE PAY),",,£ 6.40,"£ -1,457.15"
,ON 16-05-2024,,,
17/05/2024,TRUE CHICKEN LTD (VIA APPLE,,£ 8.79,"£ -1,450.75"
,"PAY), ON 15-05-2024",,,
16/05/2024,"TFL TRAVEL CH (VIA APPLE PAY),",,£ 6.40,"£ -1,441.96"
,ON 15-05-2024,,,
16/05/2024,TESCO STORES 2544 (VIA APPLE,,£ 2.85,"£ -1,435.56"
,"PAY), ON 15-05-2024",,,
16/05/2024,TESCO STORES 2544 (VIA APPLE,,£ 5.90,"£ -1,432.71"
,"PAY), ON 15-05-2024",,,
16/05/2024,"TOMBO CAFE (VIA APPLE PAY),",,£ 21.15,"£ -1,426.81"
,ON 15-05-2024,,,
15/05/2024,"TFL TRAVEL CH (VIA APPLE PAY),",,£ 6.40,"£ -1,405.66"
,ON 14-05-2024,,,
15/05/2024,,,£ 6.29,"£ -1,399.26"
Date,Description,Money In,Money Out,Balance
,TRUE CHICKEN LTD (VIA APPLE,,,
,"PAY), ON 13-05-2024",,,
14/05/2024,CASH WITHDRAWAL AT,,£ 100.00,"£ -1,392.97"
,SANTANDER ATM SANT 50 BL,,,
,"41 1, FINCHLEY,100.00 GBP , ON",,,
,14-05-2024,,,
14/05/2024,FASTER PAYMENTS RECEIPT,£ 200.00,,"£ -1,292.97"
,REF.WRH CA LIMITED FROM WRH,,,
,CA LIMITED,,,
14/05/2024,TESCO STORES 2544 (VIA APPLE,,£ 7.00,"£ -1,492.97"
,"PAY), ON 13-05-2024",,,
14/05/2024,TESCO STORES 2544 (VIA APPLE,,£ 4.15,"£ -1,485.97"
,"PAY), ON 13-05-2024",,,
13/05/2024,"TFL TRAVEL CH (VIA APPLE PAY),",,£ 6.40,"£ -1,481.82"
,ON 12-05-2024,,,
13/05/2024,SUMUP *BOSMAN LTD (VIA APPLE,,£ 2.00,"£ -1,475.42"
,"PAY), ON 12-05-2024",,,
13/05/2024,MEDI FOOD CENTRE (VIA APPLE,,£ 4.38,"£ -1,473.42"
,"PAY), ON 12-05-2024",,,
12/05/2024,"TFL TRAVEL CH (VIA APPLE PAY),",,£ 7.65,"£ -1,469.04"
,ON 11-05-2024,,,
12/05/2024,"THIRST SOHO (VIA APPLE PAY),",,£ 25.00,"£ -1,461.39"
,ON 12-05-2024,,,
12/05/2024,MEDI FOOD CENTRE (VIA APPLE,,£ 9.63,"£ -1,436.39"
,"PAY), ON 12-05-2024",,,
12/05/2024,COOTES PHARMACY LTD (VIA,,£ 19.80,"£ -1,426.76"
,"APPLE PAY), ON 11-05-2024",,,
12/05/2024,,£ 55.00,,"£ -1,406.96"
Date,Description,Money In,Money Out,Balance
,FASTER PAYMENTS RECEIPT,,,
,REF.WRH CA LIMITED FROM WRH,,,
,CA LIMITED,,,
11/05/2024,TESCO STORES 2544 (VIA APPLE,,£ 6.15,"£ -1,461.96"
,"PAY), ON 10-05-2024",,,
11/05/2024,TESCO STORES 2544 (VIA APPLE,,£ 8.20,"£ -1,455.81"
,"PAY), ON 10-05-2024",,,
11/05/2024,SUMUP *DURUM OCAKBASI (VIA,,£ 15.00,"£ -1,447.61"
,"APPLE PAY), ON 10-05-2024",,,
10/05/2024,MEDI FOOD CENTRE (VIA APPLE,,£ 2.29,"£ -1,432.61"
,"PAY), ON 10-05-2024",,,
10/05/2024,"TFL TRAVEL CH (VIA APPLE PAY),",,£ 4.95,"£ -1,430.32"
,ON 09-05-2024,,,
10/05/2024,FASTER PAYMENTS RECEIPT,£ 50.00,,"£ -1,425.37"
,REF.WRH CA LIMITED FROM WRH,,,
,CA LIMITED,,,
10/05/2024,TESCO STORES 2544 (VIA APPLE,,£ 12.33,"£ -1,475.37"
,"PAY), ON 09-05-2024",,,
10/05/2024,CARD PAYMENT TO PAYPAL,,£ 18.77,"£ -1,463.04"
,*UBER EATS ON 07-05-2024,,,
09/05/2024,"TFL TRAVEL CH (VIA APPLE PAY),",,£ 7.60,"£ -1,444.27"
,ON 08-05-2024,,,
09/05/2024,LINA STORES SOUTH KENS (VIA,,£ 5.00,"£ -1,436.67"
,"APPLE PAY), ON 08-05-2024",,,
09/05/2024,UNCLE TONYS TAVERNA (VIA,,£ 20.00,"£ -1,431.67"
,"APPLE PAY), ON 08-05-2024",,,
08/05/2024,CARD PAYMENT TO THREE ON,,£ 20.00,"£ -1,411.67"
Date,Description,Money In,Money Out,Balance
08/05/2024,TRUE CHICKEN LTD (VIA APPLE,,£ 11.78,"£ -1,391.67"
,"PAY), ON 06-05-2024",,,
08/05/2024,CARD PAYMENT TO Medi Food,,£ 2.77,"£ -1,379.89"
,Centre ON 07-05-2024,,,
08/05/2024,"TINTICO (VIA APPLE PAY), ON",,£ 3.70,"£ -1,377.12"
,07-05-2024,,,
07/05/2024,"THE JOINERS (VIA APPLE PAY),",,£ 12.60,"£ -1,373.42"
,ON 06-05-2024,,,
07/05/2024,GOKYUZU RESTAURANT (VIA,,£ 14.00,"£ -1,360.82"
,"APPLE PAY), ON 06-05-2024",,,
07/05/2024,TESCO STORES 2544 (VIA APPLE,,£ 5.40,"£ -1,346.82"
,"PAY), ON 06-05-2024",,,
07/05/2024,WILTON PATISSERIE (VIA APPLE,,£ 8.70,"£ -1,341.42"
,"PAY), ON 06-05-2024",,,
06/05/2024,BILL PAYMENT FROM MR MEHMET,£ 50.00,,"£ -1,332.72"
,"SOYLEMEZ, REFERENCE FREIND",,,
06/05/2024,BILL PAYMENT VIA FASTER,,£ 17.50,"£ -1,382.72"
,PAYMENT TO serdar tekin,,,
,"REFERENCE food , MANDATE NO",,,
,54,,,
06/05/2024,MEDI FOOD CENTRE (VIA APPLE,,£ 3.37,"£ -1,365.22"
,"PAY), ON 06-05-2024",,,
06/05/2024,"TFL TRAVEL CH (VIA APPLE PAY),",,£ 4.95,"£ -1,361.85"
,ON 05-05-2024,,,
06/05/2024,"TESCO STORES (VIA APPLE PAY),",,£ 1.45,"£ -1,356.90"
,ON 05-05-2024,,,
05/05/2024,CARD PAYMENT TO CHATGPT,,£ 19.20,"£ -1,355.45"
Date,Description,Money In,Money Out,Balance
05/05/2024,TESCO STORES 2544 (VIA APPLE,,£ 17.19,"£ -1,336.25"
,"PAY), ON 04-05-2024",,,
05/05/2024,TESCO STORES 2544 (VIA APPLE,,£ 3.06,"£ -1,319.06"
,"PAY), ON 04-05-2024",,,
05/05/2024,"BESPOKE CAFE (VIA APPLE PAY),",,£ 5.75,"£ -1,316.00"
,ON 04-05-2024,,,
04/05/2024,MEDI FOOD CENTRE (VIA APPLE,,£ 3.29,"£ -1,310.25"
,"PAY), ON 04-05-2024",,,
04/05/2024,"TFL TRAVEL CH (VIA APPLE PAY),",,£ 6.40,"£ -1,306.96"
,ON 03-05-2024,,,
04/05/2024,CASH WITHDRAWAL AT,,£ 40.00,"£ -1,300.56"
,SANTANDER ATM FINCHLEY 50,,,
,"BL, FINCHLEY,40.00 GBP , ON",,,
,04-05-2024,,,
04/05/2024,"GREGGS (VIA APPLE PAY), ON",,£ 3.45,"£ -1,260.56"
,03-05-2024,,,
04/05/2024,CARD PAYMENT TO CREDIT,,£ 19.95,"£ -1,257.11"
,REPORTS MATTER ON 03-05-2024,,,
03/05/2024,"TFL TRAVEL CH (VIA APPLE PAY),",,£ 6.40,"£ -1,237.16"
,ON 02-05-2024,,,
03/05/2024,"APPLE.COM/BILL (VIA APPLE PAY),",,£ 10.99,"£ -1,230.76"
,ON 03-05-2024,,,
03/05/2024,TRUE CHICKEN LTD (VIA APPLE,,£ 6.29,"£ -1,219.77"
,"PAY), ON 01-05-2024",,,
03/05/2024,CARD PAYMENT TO LOWELL,,£ 8.24,"£ -1,213.48"
,PORTFOLIO 1 ON 02-05-2024,,,
03/05/2024,CARD PAYMENT TO LOWELL,,£ 5.88,"£ -1,205.24"
Date,Description,Money In,Money Out,Balance
03/05/2024,CARD PAYMENT TO LOWELL,,£ 35.88,"£ -1,199.36"
,PORTFOLIO 1 ON 02-05-2024,,,
03/05/2024,CARD PAYMENT TO Netflix.com ON,,£ 4.99,"£ -1,163.48"
,02-05-2024,,,
02/05/2024,"TFL TRAVEL CH (VIA APPLE PAY),",,£ 7.80,"£ -1,158.49"
,ON 01-05-2024,,,
02/05/2024,"PIZZA EXPRESS (VIA APPLE PAY),",,£ 47.05,"£ -1,150.69"
,ON 01-05-2024,,,
02/05/2024,ORGANIC HEALTH (VIA APPLE,,£ 61.00,"£ -1,103.64"
,"PAY), ON 01-05-2024",,,
02/05/2024,COACH AND HORSES (VIA APPLE,,£ 14.50,"£ -1,042.64"
,"PAY), ON 01-05-2024",,,
02/05/2024,TRUE CHICKEN LTD (VIA APPLE,,£ 6.29,"£ -1,028.14"
,"PAY), ON 30-04-2024",,,
02/05/2024,"TESCO STORES (VIA APPLE PAY),",,£ 6.80,"£ -1,021.85"
,ON 01-05-2024,,,
02/05/2024,"COSTA COFFEE (VIA APPLE PAY),",,£ 4.15,"£ -1,015.05"
,ON 01-05-2024,,,
02/05/2024,"COSTA COFFEE (VIA APPLE PAY),",,£ 2.15,"£ -1,010.90"
,ON 01-05-2024,,,
01/05/2024,BILL PAYMENT VIA FASTER,,£ 110.00,"£ -1,008.75"
,PAYMENT TO Chun Huang,,,
,"REFERENCE service , MANDATE",,,
,NO 53,,,
01/05/2024,"TFL TRAVEL CH (VIA APPLE PAY),",,£ 6.40,£ -898.75
,ON 30-04-2024,,,
01/05/2024,GAILS - SOUTH KENSINGT (VIA,,£ 6.80,£ -892.35
Date,Description,Money In,Money Out,Balance
01/05/2024,TESCO STORES 2544 (VIA APPLE,,£ 0.35,£ -885.55
,"PAY), ON 30-04-2024",,,
30/04/2024,"TFL TRAVEL CH (VIA APPLE PAY),",,£ 3.50,£ -885.20
,ON 29-04-2024,,,
30/04/2024,"H & M (VIA APPLE PAY), ON",,£ 12.99,£ -881.70
,29-04-2024,,,
30/04/2024,"H & M (VIA APPLE PAY), ON",,£ 22.18,£ -868.71
,29-04-2024,,,
30/04/2024,TESCO STORES 2544 (VIA APPLE,,£ 19.35,£ -846.53
,"PAY), ON 29-04-2024",,,
30/04/2024,TESCO STORES 2544 (VIA APPLE,,£ 6.70,£ -827.18
,"PAY), ON 29-04-2024",,,
30/04/2024,FASTER PAYMENTS RECEIPT,£ 552.00,,£ -820.48
,REF.WRH CA LIMITED FROM WRH,,,
,CA LIMITED,,,
30/04/2024,"COSTA COFFEE (VIA APPLE PAY),",,£ 4.35,"£ -1,372.48"
,ON 29-04-2024,,,
29/04/2024,FASTER PAYMENTS RECEIPT,£ 115.00,,"£ -1,368.13"
,REF.WRH CA LIMITED FROM WRH,,,
,CA LIMITED,,,
29/04/2024,"TFL TRAVEL CH (VIA APPLE PAY),",,£ 7.65,"£ -1,483.13"
,ON 28-04-2024,,,
29/04/2024,"TESCO STORES (VIA APPLE PAY),",,£ 1.03,"£ -1,475.48"
,ON 28-04-2024,,,
28/04/2024,"TFL TRAVEL CH (VIA APPLE PAY),",,£ 6.40,"£ -1,474.45"
,ON 27-04-2024,,,
28/04/2024,FASTER PAYMENTS RECEIPT,£ 20.00,,"£ -1,468.05"
Date,Description,Money In,Money Out,Balance
28/04/2024,TRUE CHICKEN LTD (VIA APPLE,,£ 12.08,"£ -1,488.05"
,"PAY), ON 26-04-2024",,,
28/04/2024,UNCLE TONYS TAVERNA (VIA,,£ 16.00,"£ -1,475.97"
,"APPLE PAY), ON 27-04-2024",,,
27/04/2024,"TFL TRAVEL CH (VIA APPLE PAY),",,£ 5.40,"£ -1,459.97"
,ON 26-04-2024,,,
27/04/2024,MEDI FOOD CENTRE (VIA APPLE,,£ 2.29,"£ -1,454.57"
,"PAY), ON 26-04-2024",,,
27/04/2024,MARKS&SPENCER PLC SACA (VIA,,£ 45.10,"£ -1,452.28"
,"APPLE PAY), ON 26-04-2024",,,
27/04/2024,SUPERDRUG STORES PLC (VIA,,£ 3.49,"£ -1,407.18"
,"APPLE PAY), ON 26-04-2024",,,
27/04/2024,TESCO STORES 2544 (VIA APPLE,,£ 2.50,"£ -1,403.69"
,"PAY), ON 26-04-2024",,,
27/04/2024,ARRANGED OVERDRAFT,,£ 13.49,"£ -1,401.19"
,INTEREST,,,
27/04/2024,HASTY TASTY PIZZA (VIA APPLE,,£ 3.50,"£ -1,387.70"
,"PAY), ON 26-04-2024",,,
26/04/2024,"BESPOKE CAFE (VIA APPLE PAY),",,£ 3.70,"£ -1,384.20"
,ON 26-04-2024,,,
26/04/2024,"TFL TRAVEL CH (VIA APPLE PAY),",,£ 8.80,"£ -1,380.50"
,ON 25-04-2024,,,
26/04/2024,TRUE CHICKEN LTD (VIA APPLE,,£ 4.79,"£ -1,371.70"
,"PAY), ON 25-04-2024",,,
26/04/2024,TRUE CHICKEN LTD (VIA APPLE,,£ 12.08,"£ -1,366.91"
,"PAY), ON 24-04-2024",,,
26/04/2024,TESCO STORES 2544 (VIA APPLE,,£ 33.30,"£ -1,354.83"
Date,Description,Money In,Money Out,Balance
25/04/2024,TESCO STORES 2544 (VIA APPLE,,£ 7.55,"£ -1,321.53"
,"PAY), ON 24-04-2024",,,
24/04/2024,"COSTA COFFEE (VIA APPLE PAY),",,£ 5.20,"£ -1,313.98"
,ON 24-04-2024,,,
24/04/2024,MEDI FOOD CENTRE (VIA APPLE,,£ 2.88,"£ -1,308.78"
,"PAY), ON 24-04-2024",,,
24/04/2024,"TFL TRAVEL CH (VIA APPLE PAY),",,£ 6.40,"£ -1,305.90"
,ON 23-04-2024,,,
24/04/2024,BILL PAYMENT VIA FASTER,,£ 50.00,"£ -1,299.50"
,PAYMENT TO MAGDALENA MICKIE,,,
,REFERENCE SORRY FOR THE,,,
,"DE , MANDATE N",,,
24/04/2024,TRUE CHICKEN LTD (VIA APPLE,,£ 12.08,"£ -1,249.50"
,"PAY), ON 22-04-2024",,,
24/04/2024,TESCO STORES 2544 (VIA APPLE,,£ 4.50,"£ -1,237.42"
,"PAY), ON 23-04-2024",,,
23/04/2024,"COSTA COFFEE (VIA APPLE PAY),",,£ 4.35,"£ -1,232.92"
,ON 23-04-2024,,,
23/04/2024,"TFL TRAVEL CH (VIA APPLE PAY),",,£ 6.40,"£ -1,228.57"
,ON 22-04-2024,,,
23/04/2024,GAILS - SOUTH KENSINGT (VIA,,£ 6.30,"£ -1,222.17"
,"APPLE PAY), ON 22-04-2024",,,
23/04/2024,TESCO STORES 2544 (VIA APPLE,,£ 15.93,"£ -1,215.87"
,"PAY), ON 22-04-2024",,,
22/04/2024,"TFL TRAVEL CH (VIA APPLE PAY),",,£ 6.40,"£ -1,199.94"
,ON 21-04-2024,,,
22/04/2024,TRUE CHICKEN LTD (VIA APPLE,,£ 12.08,"£ -1,193.54"
Date,Description,Money In,Money Out,Balance
22/04/2024,TESCO STORES 2544 (VIA APPLE,,£ 1.30,"£ -1,181.46"
,"PAY), ON 21-04-2024",,,
22/04/2024,UNCLE TONYS TAVERNA (VIA,,£ 38.00,"£ -1,180.16"
,"APPLE PAY), ON 21-04-2024",,,
21/04/2024,"TINTICO (VIA APPLE PAY), ON",,£ 3.50,"£ -1,142.16"
,20-04-2024,,,
21/04/2024,MEDI FOOD CENTRE (VIA APPLE,,£ 3.17,"£ -1,138.66"
,"PAY), ON 20-04-2024",,,
21/04/2024,TESCO STORES 2544 (VIA APPLE,,£ 1.95,"£ -1,135.49"
,"PAY), ON 20-04-2024",,,
21/04/2024,TESCO STORES 2544 (VIA APPLE,,£ 5.95,"£ -1,133.54"
,"PAY), ON 20-04-2024",,,
21/04/2024,"COSTA COFFEE (VIA APPLE PAY),",,£ 4.35,"£ -1,127.59"
,ON 20-04-2024,,,
20/04/2024,"TFL TRAVEL CH (VIA APPLE PAY),",,£ 6.40,"£ -1,123.24"
,ON 19-04-2024,,,
20/04/2024,"FINLAYS (VIA APPLE PAY), ON",,£ 2.64,"£ -1,116.84"
,19-04-2024,,,
20/04/2024,TRUE CHICKEN LTD (VIA APPLE,,£ 12.08,"£ -1,114.20"
,"PAY), ON 18-04-2024",,,
19/04/2024,SQ *PHILIPPE CONTICINI (VIA,,£ 3.50,"£ -1,102.12"
,"APPLE PAY), ON 19-04-2024",,,
19/04/2024,TESCO STORES 2544 (VIA APPLE,,£ 0.30,"£ -1,098.62"
,"PAY), ON 18-04-2024",,,
19/04/2024,TESCO STORES 2544 (VIA APPLE,,£ 6.30,"£ -1,098.32"
,"PAY), ON 18-04-2024",,,
19/04/2024,"COSTA COFFEE (VIA APPLE PAY),",,£ 8.25,"£ -1,092.02"
Date,Description,Money In,Money Out,Balance
18/04/2024,MEDI FOOD CENTRE (VIA APPLE,,£ 8.67,"£ -1,083.77"
,"PAY), ON 18-04-2024",,,
18/04/2024,"TFL TRAVEL CH (VIA APPLE PAY),",,£ 9.90,"£ -1,075.10"
,ON 17-04-2024,,,
18/04/2024,MARKS&SPENCER PLC SACA (VIA,,£ 26.10,"£ -1,065.20"
,"APPLE PAY), ON 17-04-2024",,,
18/04/2024,BBS BAKERS AND BARISTA (VIA,,£ 9.25,"£ -1,039.10"
,"APPLE PAY), ON 17-04-2024",,,
18/04/2024,TESCO STORES 2544 (VIA APPLE,,£ 3.40,"£ -1,029.85"
,"PAY), ON 17-04-2024",,,
17/04/2024,"TFL TRAVEL CH (VIA APPLE PAY),",,£ 6.40,"£ -1,026.45"
,ON 16-04-2024,,,
17/04/2024,TRUE CHICKEN LTD (VIA APPLE,,£ 12.08,"£ -1,020.05"
,"PAY), ON 15-04-2024",,,
17/04/2024,FIVE GUYS SOUTH KENSIN (VIA,,£ 11.75,"£ -1,007.97"
,"APPLE PAY), ON 16-04-2024",,,
16/04/2024,"COSTA COFFEE (VIA APPLE PAY),",,£ 4.35,£ -996.22
,ON 16-04-2024,,,
16/04/2024,MEDI FOOD CENTRE (VIA APPLE,,£ 4.25,£ -991.87
,"PAY), ON 15-04-2024",,,
16/04/2024,TESCO STORES 2544 (VIA APPLE,,£ 13.90,£ -987.62
,"PAY), ON 15-04-2024",,,
16/04/2024,TESCO STORES 2544 (VIA APPLE,,£ 0.30,£ -973.72
,"PAY), ON 15-04-2024",,,
16/04/2024,TESCO STORES 2544 (VIA APPLE,,£ 10.25,£ -973.42
,"PAY), ON 15-04-2024",,,
16/04/2024,TESCO STORES 2544 (VIA APPLE,,£ 33.00,£ -963.17
Date,Description,Money In,Money Out,Balance
15/04/2024,"COSTA COFFEE (VIA APPLE PAY),",,£ 6.50,£ -930.17
,ON 15-04-2024,,,
15/04/2024,"PEPE'S PIRI PIRI (VIA APPLE PAY),",,£ 11.09,£ -923.67
,ON 15-04-2024,,,
15/04/2024,GAILS SOUTH WOODFORD (VIA,,£ 5.00,£ -912.58
,"APPLE PAY), ON 14-04-2024",,,
15/04/2024,"TFL TRAVEL CH (VIA APPLE PAY),",,£ 5.25,£ -907.58
,ON 14-04-2024,,,
15/04/2024,GRAND ISTANBUL MARKET (VIA,,£ 9.24,£ -902.33
,"APPLE PAY), ON 14-04-2024",,,
15/04/2024,TRUE CHICKEN LTD (VIA APPLE,,£ 7.79,£ -893.09
,"PAY), ON 14-04-2024",,,
15/04/2024,TESCO STORES 6611 (VIA APPLE,,£ 1.10,£ -885.30
,"PAY), ON 14-04-2024",,,
14/04/2024,FASTER PAYMENTS RECEIPT,£ 605.00,,£ -884.20
,REF.Dere ltd FROM DERE LIMITED,,,
14/04/2024,MEDI FOOD CENTRE (VIA APPLE,,£ 3.79,"£ -1,489.20"
,"PAY), ON 14-04-2024",,,
14/04/2024,TESCO STORES 6611 (VIA APPLE,,£ 4.15,"£ -1,485.41"
,"PAY), ON 13-04-2024",,,
13/04/2024,CARD PAYMENT TO TESCO,,£ 5.00,"£ -1,481.26"
,STORES 6611 ON 12-04-2024,,,
13/04/2024,CARD PAYMENT TO TFL TRAVEL,,£ 1.75,"£ -1,476.26"
,CH ON 12-04-2024,,,
13/04/2024,CARD PAYMENT TO THREE ON,,£ 20.00,"£ -1,474.51"
,12-04-2024,,,
13/04/2024,CARD PAYMENT TO THREE ON,,£ 20.00,"£ -1,454.51"
Date,Description,Money In,Money Out,Balance
12/04/2024,MEDI FOOD CENTRE (VIA APPLE,,£ 2.88,"£ -1,434.51"
,"PAY), ON 12-04-2024",,,
11/04/2024,"TFL TRAVEL CH (VIA APPLE PAY),",,£ 7.60,"£ -1,431.63"
,ON 10-04-2024,,,
11/04/2024,CARD PAYMENT TO AMAZON*,,£ 28.98,"£ -1,424.03"
,204-5920978-00 ON 11-04-2024,,,
11/04/2024,MEDI FOOD CENTRE (VIA APPLE,,£ 3.67,"£ -1,395.05"
,"PAY), ON 10-04-2024",,,
11/04/2024,TESCO STORES 2544 (VIA APPLE,,£ 19.85,"£ -1,391.38"
,"PAY), ON 10-04-2024",,,
11/04/2024,TESCO STORES 2544 (VIA APPLE,,£ 5.70,"£ -1,371.53"
,"PAY), ON 10-04-2024",,,
10/04/2024,SQ *CAFE DE NATA - SOU (VIA,,£ 3.45,"£ -1,365.83"
,"APPLE PAY), ON 10-04-2024",,,
10/04/2024,CASH PAID IN AT ATM FINCHLEY,£ 145.00,,"£ -1,362.38"
,"50 BL ,FINCHLEY",,,
05/04/2024,"TFL TRAVEL CH (VIA APPLE PAY),",,£ 1.75,"£ -1,507.38"
,ON 04-04-2024,,,
04/04/2024,"TFL TRAVEL CH (VIA APPLE PAY),",,£ 3.20,"£ -1,505.63"
,ON 03-04-2024,,,
03/04/2024,"ALDI 776-048 (VIA APPLE PAY), ON",,£ 2.19,"£ -1,502.43"
,02-04-2024,,,
03/04/2024,"TFL TRAVEL CH (VIA APPLE PAY),",,£ 3.50,"£ -1,500.24"
,ON 02-04-2024,,,
03/04/2024,TESCO STORES 6611 (VIA APPLE,,£ 1.10,"£ -1,496.74"
,"PAY), ON 02-04-2024",,,
03/04/2024,ALLENS PHARMACY (VIA APPLE,,£ 4.25,"£ -1,495.64"
Date,Description,Money In,Money Out,Balance
02/04/2024,"TFL TRAVEL CH (VIA APPLE PAY),",,£ 3.50,"£ -1,491.39"
,ON 01-04-2024,,,
02/04/2024,TESCO STORES 6611 (VIA APPLE,,£ 1.10,"£ -1,487.89"
,"PAY), ON 01-04-2024",,,
01/04/2024,"TFL TRAVEL CH (VIA APPLE PAY),",,£ 3.50,"£ -1,486.79"
,ON 31-03-2024,,,
01/04/2024,TESCO STORES 6611 (VIA APPLE,,£ 3.40,"£ -1,483.29"
,"PAY), ON 31-03-2024",,,
31/03/2024,"TFL TRAVEL CH (VIA APPLE PAY),",,£ 3.50,"£ -1,479.89"
,ON 30-03-2024,,,
31/03/2024,TESCO STORES 6611 (VIA APPLE,,£ 1.10,"£ -1,476.39"
,"PAY), ON 30-03-2024",,,
30/03/2024,"TFL TRAVEL CH (VIA APPLE PAY),",,£ 3.50,"£ -1,475.29"
,ON 29-03-2024,,,
29/03/2024,110 TOTAL DENTISTRY (VIA APPLE,,£ 95.00,"£ -1,471.79"
,"PAY), ON 26-03-2024",,,
29/03/2024,"TFL TRAVEL CH (VIA APPLE PAY),",,£ 3.50,"£ -1,376.79"
,ON 28-03-2024,,,
29/03/2024,TRUE CHICKEN LTD (VIA APPLE,,£ 11.28,"£ -1,373.29"
,"PAY), ON 27-03-2024",,,
29/03/2024,TRUE CHICKEN LTD (VIA APPLE,,£ 8.29,"£ -1,362.01"
,"PAY), ON 27-03-2024",,,
29/03/2024,"KFC (VIA APPLE PAY), ON",,£ 8.99,"£ -1,353.72"
,28-03-2024,,,
28/03/2024,MEDI FOOD CENTRE (VIA APPLE,,£ 2.39,"£ -1,344.73"
,"PAY), ON 27-03-2024",,,
28/03/2024,TESCO STORES 2544 (VIA APPLE,,£ 4.15,"£ -1,342.34"
Date,Description,Money In,Money Out,Balance
28/03/2024,"COSTA COFFEE (VIA APPLE PAY),",,£ 6.50,"£ -1,338.19"
,ON 27-03-2024,,,
27/03/2024,"TFL TRAVEL CH (VIA APPLE PAY),",,£ 3.50,"£ -1,331.69"
,ON 26-03-2024,,,
27/03/2024,TRUE CHICKEN LTD (VIA APPLE,,£ 9.38,"£ -1,328.19"
,"PAY), ON 25-03-2024",,,
27/03/2024,COOTES PHARMACY LTD (VIA,,£ 2.00,"£ -1,318.81"
,"APPLE PAY), ON 26-03-2024",,,
27/03/2024,ARRANGED OVERDRAFT,,£ 10.26,"£ -1,316.81"
,INTEREST,,,
27/03/2024,TESCO STORES 6611 (VIA APPLE,,£ 1.10,"£ -1,306.55"
,"PAY), ON 26-03-2024",,,
27/03/2024,CARD PAYMENT TO NETFLIX.COM,,£ 4.99,"£ -1,305.45"
,ON 26-03-2024,,,
26/03/2024,"TFL TRAVEL CH (VIA APPLE PAY),",,£ 3.50,"£ -1,300.46"
,ON 25-03-2024,,,
26/03/2024,ALLENS PHARMACY (VIA APPLE,,£ 4.75,"£ -1,296.96"
,"PAY), ON 25-03-2024",,,
26/03/2024,TESCO STORES 6611 (VIA APPLE,,£ 1.10,"£ -1,292.21"
,"PAY), ON 25-03-2024",,,
25/03/2024,MEDI FOOD CENTRE (VIA APPLE,,£ 2.58,"£ -1,291.11"
,"PAY), ON 25-03-2024",,,
25/03/2024,"TFL TRAVEL CH (VIA APPLE PAY),",,£ 5.25,"£ -1,288.53"
,ON 24-03-2024,,,
25/03/2024,TESCO STORES 6611 (VIA APPLE,,£ 6.30,"£ -1,283.28"
,"PAY), ON 24-03-2024",,,
24/03/2024,"TFL TRAVEL CH (VIA APPLE PAY),",,£ 5.25,"£ -1,276.98"
Date,Description,Money In,Money Out,Balance
24/03/2024,TRUE CHICKEN LTD (VIA APPLE,,£ 8.29,"£ -1,271.73"
,"PAY), ON 22-03-2024",,,
24/03/2024,TESCO STORES 6611 (VIA APPLE,,£ 3.40,"£ -1,263.44"
,"PAY), ON 23-03-2024",,,
24/03/2024,"TFL TRAVEL CH (VIA APPLE PAY),",,£ 3.50,"£ -1,260.04"
,ON 22-03-2024,,,
23/03/2024,MEDI FOOD CENTRE (VIA APPLE,,£ 3.29,"£ -1,256.54"
,"PAY), ON 22-03-2024",,,
23/03/2024,TESCO STORES 6611 (VIA APPLE,,£ 1.10,"£ -1,253.25"
,"PAY), ON 22-03-2024",,,
22/03/2024,"TFL TRAVEL CH (VIA APPLE PAY),",,£ 3.50,"£ -1,252.15"
,ON 21-03-2024,,,
22/03/2024,TESCO STORES 6611 (VIA APPLE,,£ 1.10,"£ -1,248.65"
,"PAY), ON 21-03-2024",,,
21/03/2024,MEDI FOOD CENTRE (VIA APPLE,,£ 2.37,"£ -1,247.55"
,"PAY), ON 20-03-2024",,,
21/03/2024,DURUM OCAKBASI RESTAUR (VIA,,£ 7.50,"£ -1,245.18"
,"APPLE PAY), ON 20-03-2024",,,
21/03/2024,TESCO STORES 2544 (VIA APPLE,,£ 5.60,"£ -1,237.68"
,"PAY), ON 20-03-2024",,,
21/03/2024,"MR TRIMMER (VIA APPLE PAY),",,£ 30.00,"£ -1,232.08"
,ON 20-03-2024,,,
21/03/2024,"COSTA COFFEE (VIA APPLE PAY),",,£ 4.15,"£ -1,202.08"
,ON 20-03-2024,,,
21/03/2024,"COSTA COFFEE (VIA APPLE PAY),",,£ 11.70,"£ -1,197.93"
,ON 20-03-2024,,,
20/03/2024,"TFL TRAVEL CH (VIA APPLE PAY),",,£ 1.75,"£ -1,186.23"
Date,Description,Money In,Money Out,Balance
20/03/2024,TRUE CHICKEN LTD (VIA APPLE,,£ 9.28,"£ -1,184.48"
,"PAY), ON 18-03-2024",,,
20/03/2024,TESCO STORES 6611 (VIA APPLE,,£ 1.10,"£ -1,175.20"
,"PAY), ON 19-03-2024",,,
19/03/2024,"APPLE.COM/BILL (VIA APPLE PAY),",,£ 10.99,"£ -1,174.10"
,ON 19-03-2024,,,
19/03/2024,MEDI FOOD CENTRE (VIA APPLE,,£ 1.84,"£ -1,163.11"
,"PAY), ON 18-03-2024",,,
19/03/2024,TESCO STORES 6611 (VIA APPLE,,£ 3.40,"£ -1,161.27"
,"PAY), ON 18-03-2024",,,
17/03/2024,BILL PAYMENT VIA FASTER,,£ 50.00,"£ -1,157.87"
,PAYMENT TO MAGDALENA MICKIE,,,
,"REFERENCE sorry for the de ,",,,
,MANDATE N,,,
17/03/2024,Third party payment made via,,£ 196.13,"£ -1,107.87"
,Faster Payment to CDER Group Ltd,,,
,Reference OB4711493 Santande,,,
17/03/2024,FASTER PAYMENTS RECEIPT,£ 600.00,,£ -911.74
,REF.Gyuler ilieva FROM Salash,,,
,kitchen,,,
19/02/2024,"TFL TRAVEL CH (VIA APPLE PAY),",,£ 3.50,"£ -1,511.74"
,ON 18-02-2024,,,
18/02/2024,"TFL TRAVEL CH (VIA APPLE PAY),",,£ 3.50,"£ -1,508.24"
,ON 17-02-2024,,,
18/02/2024,"TFL TRAVEL CH (VIA APPLE PAY),",,£ 3.50,"£ -1,504.74"
,ON 16-02-2024,,,
16/02/2024,"TFL TRAVEL CH (VIA APPLE PAY),",,£ 3.50,"£ -1,501.24"
,ON 15-02-2024,,,
16/02/2024,,,£ 2.30,"£ -1,497.74"
Date,Description,Money In,Money Out,Balance
,"GREGGS (VIA APPLE PAY), ON",,,
,15-02-2024,,,
16/02/2024,"KFC (VIA APPLE PAY), ON",,£ 7.98,"£ -1,495.44"
,15-02-2024,,,
16/02/2024,"BOOTS,SOUTHGATE (VIA APPLE",,£ 4.40,"£ -1,487.46"
,"PAY), ON 15-02-2024",,,
15/02/2024,"TFL TRAVEL CH (VIA APPLE PAY),",,£ 3.50,"£ -1,483.06"
,ON 14-02-2024,,,
14/02/2024,"MCDONALDS 31 (VIA APPLE PAY),",,£ 4.28,"£ -1,479.56"
,ON 13-02-2024,,,
14/02/2024,"TFL TRAVEL CH (VIA APPLE PAY),",,£ 3.50,"£ -1,475.28"
,ON 13-02-2024,,,
14/02/2024,"COSTA COFFEE (VIA APPLE PAY),",,£ 3.95,"£ -1,471.78"
,ON 13-02-2024,,,
13/02/2024,DICLE FOOD CENTRE (VIA APPLE,,£ 0.99,"£ -1,467.83"
,"PAY), ON 12-02-2024",,,
13/02/2024,TRUE CHICKEN LTD (VIA APPLE,,£ 7.99,"£ -1,466.84"
,"PAY), ON 11-02-2024",,,
13/02/2024,"STARBUCKS (VIA APPLE PAY), ON",,£ 2.85,"£ -1,458.85"
,12-02-2024,,,
13/02/2024,ZETTLE_*FINCHLEY POKE (VIA,,£ 8.36,"£ -1,456.00"
,"APPLE PAY), ON 12-02-2024",,,
13/02/2024,"COSTA COFFEE (VIA APPLE PAY),",,£ 4.25,"£ -1,447.64"
,ON 12-02-2024,,,
12/02/2024,"TINTICO (VIA APPLE PAY), ON",,£ 4.00,"£ -1,443.39"
,11-02-2024,,,
12/02/2024,"TINTICO (VIA APPLE PAY), ON",,£ 3.30,"£ -1,439.39"
Date,Description,Money In,Money Out,Balance
10/02/2024,"COSTA COFFEE (VIA APPLE PAY),",,£ 4.35,"£ -1,436.09"
,ON 10-02-2024,,,
10/02/2024,"STARBUCKS (VIA APPLE PAY), ON",,£ 5.20,"£ -1,431.74"
,09-02-2024,,,
10/02/2024,"COSTA COFFEE (VIA APPLE PAY),",,£ 4.25,"£ -1,426.54"
,ON 10-02-2024,,,
10/02/2024,TESCO STORES 2544 (VIA APPLE,,£ 4.15,"£ -1,422.29"
,"PAY), ON 09-02-2024",,,
10/02/2024,TESCO STORES 2544 (VIA APPLE,,£ 3.90,"£ -1,418.14"
,"PAY), ON 09-02-2024",,,
10/02/2024,"COSTA COFFEE (VIA APPLE PAY),",,£ 4.25,"£ -1,414.24"
,ON 09-02-2024,,,
09/02/2024,BILL PAYMENT VIA FASTER,,£ 1.00,"£ -1,409.99"
,PAYMENT TO Aziz Ozdemir,,,
,"REFERENCE ttt , MANDATE NO 51",,,
09/02/2024,TESCO STORES 2544 (VIA APPLE,,£ 3.90,"£ -1,408.99"
,"PAY), ON 08-02-2024",,,
08/02/2024,BILL PAYMENT FROM MR MEHMET,£ 100.00,,"£ -1,405.09"
,"SOYLEMEZ, REFERENCE freind",,,
01/02/2024,DICLE FOOD CENTRE (VIA APPLE,,£ 6.52,"£ -1,505.09"
,"PAY), ON 31-01-2024",,,
01/02/2024,CARD PAYMENT TO DICLE FOOD,,£ 4.66,"£ -1,498.57"
,CENTRE ON 31-01-2024,,,
01/02/2024,"PROPER PIZZA (VIA APPLE PAY),",,£ 10.95,"£ -1,493.91"
,ON 31-01-2024,,,
01/02/2024,TESCO STORES 2544 (VIA APPLE,,£ 7.00,"£ -1,482.96"
,"PAY), ON 31-01-2024",,,
31/01/2024,,,£ 4.25,"£ -1,475.96"
Date,Description,Money In,Money Out,Balance
,"COSTA COFFEE (VIA APPLE PAY),",,,
,ON 30-01-2024,,,
30/01/2024,TESCO STORES 2544 (VIA APPLE,,£ 0.65,"£ -1,471.71"
,"PAY), ON 29-01-2024",,,
30/01/2024,TESCO STORES 2544 (VIA APPLE,,£ 5.15,"£ -1,471.06"
,"PAY), ON 29-01-2024",,,
28/01/2024,TESCO STORES 2544 (VIA APPLE,,£ 4.80,"£ -1,465.91"
,"PAY), ON 27-01-2024",,,
28/01/2024,"COSTA COFFEE (VIA APPLE PAY),",,£ 4.25,"£ -1,461.11"
,ON 27-01-2024,,,
27/01/2024,DICLE FOOD CENTRE (VIA APPLE,,£ 12.04,"£ -1,456.86"
,"PAY), ON 26-01-2024",,,
27/01/2024,"STARBUCKS (VIA APPLE PAY), ON",,£ 2.85,"£ -1,444.82"
,26-01-2024,,,
27/01/2024,ARRANGED OVERDRAFT,,£ 13.06,"£ -1,441.97"
,INTEREST,,,
26/01/2024,TURKISH GOBBLE (VIA APPLE,,£ 6.95,"£ -1,428.91"
,"PAY), ON 25-01-2024",,,
26/01/2024,"COSTA COFFEE (VIA APPLE PAY),",,£ 4.25,"£ -1,421.96"
,ON 25-01-2024,,,
26/01/2024,"COSTA COFFEE (VIA APPLE PAY),",,£ 2.65,"£ -1,417.71"
,ON 25-01-2024,,,
26/01/2024,"COSTA COFFEE (VIA APPLE PAY),",,£ 1.70,"£ -1,415.06"
,ON 25-01-2024,,,
25/01/2024,"MCDONALDS (VIA APPLE PAY), ON",,£ 8.17,"£ -1,413.36"
,24-01-2024,,,
25/01/2024,"TFL TRAVEL CH (VIA APPLE PAY),",,£ 4.95,"£ -1,405.19"
Date,Description,Money In,Money Out,Balance
25/01/2024,"STARBUCKS (VIA APPLE PAY), ON",,£ 2.95,"£ -1,400.24"
,24-01-2024,,,
25/01/2024,TESCO STORES 2544 (VIA APPLE,,£ 2.59,"£ -1,397.29"
,"PAY), ON 24-01-2024",,,
25/01/2024,SQ *CAFE DE NATA - SOH (VIA,,£ 5.90,"£ -1,394.70"
,"APPLE PAY), ON 24-01-2024",,,
25/01/2024,"COSTA COFFEE (VIA APPLE PAY),",,£ 4.25,"£ -1,388.80"
,ON 24-01-2024,,,
24/01/2024,"WAITROSE 876 (VIA APPLE PAY),",,£ 3.70,"£ -1,384.55"
,ON 23-01-2024,,,
24/01/2024,TESCO STORES 2544 (VIA APPLE,,£ 14.80,"£ -1,380.85"
,"PAY), ON 23-01-2024",,,
24/01/2024,TESCO STORES 2544 (VIA APPLE,,£ 3.90,"£ -1,366.05"
,"PAY), ON 23-01-2024",,,
24/01/2024,"COSTA COFFEE (VIA APPLE PAY),",,£ 4.25,"£ -1,362.15"
,ON 23-01-2024,,,
23/01/2024,"WAITROSE 876 (VIA APPLE PAY),",,£ 6.60,"£ -1,357.90"
,ON 22-01-2024,,,
23/01/2024,BILL PAYMENT VIA FASTER,,£ 200.00,"£ -1,351.30"
,PAYMENT TO sadettin aygun,,,
,"REFERENCE aziz , MANDATE NO",,,
,50,,,
23/01/2024,TESCO STORES 2544 (VIA APPLE,,£ 9.70,"£ -1,151.30"
,"PAY), ON 22-01-2024",,,
23/01/2024,TESCO STORES 2544 (VIA APPLE,,£ 3.65,"£ -1,141.60"
,"PAY), ON 22-01-2024",,,
23/01/2024,"NANOU DONUTS (VIA APPLE PAY),",,£ 3.40,"£ -1,137.95"
Date,Description,Money In,Money Out,Balance
22/01/2024,"COSTA COFFEE (VIA APPLE PAY),",,£ 2.70,"£ -1,134.55"
,ON 21-01-2024,,,
22/01/2024,TESCO STORES 2544 (VIA APPLE,,£ 2.85,"£ -1,131.85"
,"PAY), ON 21-01-2024",,,
22/01/2024,"COSTA COFFEE (VIA APPLE PAY),",,£ 2.75,"£ -1,129.00"
,ON 21-01-2024,,,
22/01/2024,"COSTA COFFEE (VIA APPLE PAY),",,£ 4.25,"£ -1,126.25"
,ON 21-01-2024,,,
21/01/2024,TESCO STORES 2544 (VIA APPLE,,£ 1.50,"£ -1,122.00"
,"PAY), ON 20-01-2024",,,
21/01/2024,TESCO STORES 2544 (VIA APPLE,,£ 1.62,"£ -1,120.50"
,"PAY), ON 20-01-2024",,,
21/01/2024,"COSTA COFFEE (VIA APPLE PAY),",,£ 1.95,"£ -1,118.88"
,ON 20-01-2024,,,
21/01/2024,"COSTA COFFEE (VIA APPLE PAY),",,£ 4.25,"£ -1,116.93"
,ON 20-01-2024,,,
20/01/2024,MCDONALDS 420 (VIA APPLE,,£ 4.28,"£ -1,112.68"
,"PAY), ON 19-01-2024",,,
20/01/2024,"STARBUCKS (VIA APPLE PAY), ON",,£ 2.85,"£ -1,108.40"
,19-01-2024,,,
20/01/2024,CARD PAYMENT TO THREE ON,,£ 20.00,"£ -1,105.55"
,19-01-2024,,,
20/01/2024,TESCO STORES 2544 (VIA APPLE,,£ 7.50,"£ -1,085.55"
,"PAY), ON 19-01-2024",,,
20/01/2024,"COSTA COFFEE (VIA APPLE PAY),",,£ 4.25,"£ -1,078.05"
,ON 19-01-2024,,,
19/01/2024,"THE BOHEMIA (VIA APPLE PAY),",,£ 11.90,"£ -1,073.80"
Date,Description,Money In,Money Out,Balance
19/01/2024,TESCO STORES 2544 (VIA APPLE,,£ 2.85,"£ -1,061.90"
,"PAY), ON 18-01-2024",,,
19/01/2024,"COSTA COFFEE (VIA APPLE PAY),",,£ 4.25,"£ -1,059.05"
,ON 18-01-2024,,,
18/01/2024,TESCO STORES 2296 (VIA APPLE,,£ 10.00,"£ -1,054.80"
,"PAY), ON 17-01-2024",,,
18/01/2024,MCDONALDS 420 (VIA APPLE,,£ 2.78,"£ -1,044.80"
,"PAY), ON 17-01-2024",,,
18/01/2024,"ALDI 776-048 (VIA APPLE PAY), ON",,£ 2.98,"£ -1,042.02"
,17-01-2024,,,
18/01/2024,"STARBUCKS (VIA APPLE PAY), ON",,£ 2.80,"£ -1,039.04"
,17-01-2024,,,
18/01/2024,DICLE FOOD CENTRE (VIA APPLE,,£ 4.44,"£ -1,036.24"
,"PAY), ON 17-01-2024",,,
18/01/2024,TESCO STORES 2544 (VIA APPLE,,£ 5.48,"£ -1,031.80"
,"PAY), ON 17-01-2024",,,
18/01/2024,"TINTICO (VIA APPLE PAY), ON",,£ 3.20,"£ -1,026.32"
,17-01-2024,,,
17/01/2024,"TINTICO (VIA APPLE PAY), ON",,£ 4.00,"£ -1,023.12"
,17-01-2024,,,
17/01/2024,"STARBUCKS (VIA APPLE PAY), ON",,£ 2.40,"£ -1,019.12"
,16-01-2024,,,
17/01/2024,"STARBUCKS (VIA APPLE PAY), ON",,£ 2.80,"£ -1,016.72"
,16-01-2024,,,
16/01/2024,"TFL TRAVEL CH (VIA APPLE PAY),",,£ 1.75,"£ -1,013.92"
,ON 15-01-2024,,,
16/01/2024,"STARBUCKS (VIA APPLE PAY), ON",,£ 4.00,"£ -1,012.17"
Date,Description,Money In,Money Out,Balance
16/01/2024,"STARBUCKS (VIA APPLE PAY), ON",,£ 2.80,"£ -1,008.17"
,15-01-2024,,,
16/01/2024,BOULANGERIE JOIE DE VI (VIA,,£ 3.50,"£ -1,005.37"
,"APPLE PAY), ON 15-01-2024",,,
15/01/2024,BILL PAYMENT TO emre uksul,,£ 40.00,"£ -1,001.87"
,REFERENCE books,,,
15/01/2024,"STARBUCKS (VIA APPLE PAY), ON",,£ 3.20,£ -961.87
,14-01-2024,,,
15/01/2024,TESCO STORES 2544 (VIA APPLE,,£ 2.85,£ -958.67
,"PAY), ON 14-01-2024",,,
15/01/2024,"COSTA COFFEE (VIA APPLE PAY),",,£ 4.25,£ -955.82
,ON 14-01-2024,,,
15/01/2024,BILL PAYMENT VIA FASTER,,£ 150.00,£ -951.57
,PAYMENT TO ONUR ALTUN,,,
,"REFERENCE HAIRCUT , MANDATE",,,
,NO 48,,,
14/01/2024,"TFL TRAVEL CH (VIA APPLE PAY),",,£ 9.90,£ -801.57
,ON 12-01-2024,,,
14/01/2024,BILL PAYMENT VIA FASTER,,£ 12.00,£ -791.67
,PAYMENT TO Onur Altun,,,
,"REFERENCE haircut , MANDATE",,,
,NO 48,,,
14/01/2024,TESCO STORES 2544 (VIA APPLE,,£ 7.65,£ -779.67
,"PAY), ON 13-01-2024",,,
13/01/2024,"TINTICO (VIA APPLE PAY), ON",,£ 11.00,£ -772.02
,12-01-2024,,,
13/01/2024,"TINTICO (VIA APPLE PAY), ON",,£ 3.00,£ -761.02
,12-01-2024,,,
12/01/2024,,,£ 9.99,£ -758.02
Date,Description,Money In,Money Out,Balance
,"APPLE.COM/BILL (VIA APPLE PAY),",,,
,ON 11-01-2024,,,
12/01/2024,TESCO STORES 2544 (VIA APPLE,,£ 4.78,£ -748.03
,"PAY), ON 11-01-2024",,,
12/01/2024,"TINTICO (VIA APPLE PAY), ON",,£ 3.30,£ -743.25
,11-01-2024,,,
11/01/2024,CARD PAYMENT TO REMITLY ON,,£ 217.99,£ -739.95
,11-01-2024,,,
11/01/2024,"TFL TRAVEL CH (VIA APPLE PAY),",,£ 3.80,£ -521.96
,ON 10-01-2024,,,
11/01/2024,"TINTICO (VIA APPLE PAY), ON",,£ 6.60,£ -518.16
,11-01-2024,,,
11/01/2024,"COSTA COFFEE (VIA APPLE PAY),",,£ 4.25,£ -511.56
,ON 10-01-2024,,,
11/01/2024,BILL PAYMENT VIA FASTER,,£ 2.00,£ -507.31
,PAYMENT TO ADNAN BAYHAN,,,
,"REFERENCE ref , MANDATE NO 47",,,
10/01/2024,TESCO STORES 2544 (VIA APPLE,,£ 2.85,£ -505.31
,"PAY), ON 09-01-2024",,,
10/01/2024,"COSTA COFFEE (VIA APPLE PAY),",,£ 2.65,£ -502.46
,ON 09-01-2024,,,
09/01/2024,CARD PAYMENT TO Resume.io ON,,£ 1.95,£ -499.81
,09-01-2024,,,
09/01/2024,"COSTA COFFEE (VIA APPLE PAY),",,£ 4.25,£ -497.86
,ON 09-01-2024,,,
09/01/2024,MEGA ORGANIX & COFFEE (VIA,,£ 3.20,£ -493.61
,"APPLE PAY), ON 08-01-2024",,,
09/01/2024,,,£ 4.70,£ -490.41
Date,Description,Money In,Money Out,Balance
,"TINTICO (VIA APPLE PAY), ON",,,
,08-01-2024,,,
09/01/2024,"TINTICO (VIA APPLE PAY), ON",,£ 3.30,£ -485.71
,08-01-2024,,,
08/01/2024,MEGA FOOD CENTRE (VIA APPLE,,£ 3.98,£ -482.41
,"PAY), ON 07-01-2024",,,
08/01/2024,TESCO STORES 2544 (VIA APPLE,,£ 5.50,£ -478.43
,"PAY), ON 07-01-2024",,,
08/01/2024,"COSTA COFFEE (VIA APPLE PAY),",,£ 3.80,£ -472.93
,ON 07-01-2024,,,
07/01/2024,"ALDI 776-048 (VIA APPLE PAY), ON",,£ 4.44,£ -469.13
,06-01-2024,,,
07/01/2024,"STARBUCKS (VIA APPLE PAY), ON",,£ 2.80,£ -464.69
,06-01-2024,,,
07/01/2024,IT S PITA TIME LTD (VIA APPLE,,£ 9.20,£ -461.89
,"PAY), ON 06-01-2024",,,
07/01/2024,TESCO STORES 2544 (VIA APPLE,,£ 2.85,£ -452.69
,"PAY), ON 06-01-2024",,,
07/01/2024,"COSTA COFFEE (VIA APPLE PAY),",,£ 5.20,£ -449.84
,ON 06-01-2024,,,
07/01/2024,"COSTA COFFEE (VIA APPLE PAY),",,£ 3.80,£ -444.64
,ON 06-01-2024,,,
06/01/2024,BILL PAYMENT VIA FASTER,,£ 20.00,£ -440.84
,PAYMENT TO Phusit Maikhamwa,,,
,"REFERENCE gift , MANDATE NO 46",,,
06/01/2024,"TFL TRAVEL CH (VIA APPLE PAY),",,£ 11.70,£ -420.84
,ON 05-01-2024,,,
06/01/2024,,,£ 10.00,£ -409.14
Date,Description,Money In,Money Out,Balance
,ZETTLE_*HOMEWORK WORKS,,,
,"(VIA APPLE PAY), ON 05-01-2024",,,
06/01/2024,"STARBUCKS (VIA APPLE PAY), ON",,£ 6.60,£ -399.14
,05-01-2024,,,
06/01/2024,"MM E&C LTD (VIA APPLE PAY), ON",,£ 12.80,£ -392.54
,05-01-2024,,,
06/01/2024,TESCO STORES 2544 (VIA APPLE,,£ 8.65,£ -379.74
,"PAY), ON 05-01-2024",,,
06/01/2024,FASTER PAYMENTS RECEIPT,£ 6.00,,£ -371.09
,REF.BEER FROM K Aydin,,,
05/01/2024,BILL PAYMENT VIA FASTER,,£ 10.00,£ -377.09
,PAYMENT TO omer doganci,,,
,"REFERENCE rrr , MANDATE NO 45",,,
05/01/2024,FASTER PAYMENTS RECEIPT,£ 6.00,,£ -367.09
,REF.BEER FROM K Aydin,,,
04/01/2024,"NANOU DONUTS (VIA APPLE PAY),",,£ 3.50,£ -373.09
,ON 03-01-2024,,,
03/01/2024,TESCO STORES 2544 (VIA APPLE,,£ 3.33,£ -369.59
,"PAY), ON 02-01-2024",,,
03/01/2024,"COSTA COFFEE (VIA APPLE PAY),",,£ 3.80,£ -366.26
,ON 02-01-2024,,,
03/01/2024,CARD PAYMENT TO Nanou Donuts,,£ 2.50,£ -362.46
,ON 02-01-2024,,,
02/01/2024,MCDONALDS 420 (VIA APPLE,,£ 7.57,£ -359.96
,"PAY), ON 01-01-2024",,,
02/01/2024,TESCO STORES 2544 (VIA APPLE,,£ 6.50,£ -352.39
,"PAY), ON 01-01-2024",,,
01/01/2024,,,£ 1.20,£ -345.89
Date,Description,Money In,Money Out,Balance
,"BESPOKE CAFE (VIA APPLE PAY),",,,
,ON 31-12-2023,,,
31/12/2023,"COSTA COFFEE (VIA APPLE PAY),",,£ 3.80,£ -344.69
,ON 30-12-2023,,,
31/12/2023,"COSTA COFFEE (VIA APPLE PAY),",,£ 1.95,£ -340.89
,ON 30-12-2023,,,
30/12/2023,MEGA FOOD CENTRE (VIA APPLE,,£ 2.98,£ -338.94
,"PAY), ON 29-12-2023",,,
30/12/2023,TESCO STORES 2544 (VIA APPLE,,£ 1.34,£ -335.96
,"PAY), ON 29-12-2023",,,
30/12/2023,TESCO STORES 2544 (VIA APPLE,,£ 5.50,£ -334.62
,"PAY), ON 29-12-2023",,,
30/12/2023,"NANOU DONUTS (VIA APPLE PAY),",,£ 3.50,£ -329.12
,ON 29-12-2023,,,
30/12/2023,"COSTA COFFEE (VIA APPLE PAY),",,£ 3.80,£ -325.62
,ON 29-12-2023,,,
29/12/2023,UBR* PENDING.UBER.COM (VIA,,£ 7.98,£ -321.82
,"APPLE PAY), ON 28-12-2023",,,
29/12/2023,"COSTA COFFEE (VIA APPLE PAY),",,£ 2.65,£ -313.84
,ON 28-12-2023,,,
29/12/2023,TESCO STORES 2544 (VIA APPLE,,£ 9.20,£ -311.19
,"PAY), ON 28-12-2023",,,
29/12/2023,"NANOU DONUTS (VIA APPLE PAY),",,£ 3.50,£ -301.99
,ON 28-12-2023,,,
29/12/2023,"COSTA COFFEE (VIA APPLE PAY),",,£ 3.80,£ -298.49
,ON 28-12-2023,,,
29/12/2023,CARD PAYMENT TO APPLE.COM/,,£ 10.99,£ -294.69
Date,Description,Money In,Money Out,Balance
28/12/2023,"MCDONALDS (VIA APPLE PAY), ON",,£ 4.58,£ -283.70
,27-12-2023,,,
28/12/2023,CAREBROOK LTD (VIA APPLE,,£ 3.60,£ -279.12
,"PAY), ON 27-12-2023",,,
28/12/2023,"TFL TRAVEL CH (VIA APPLE PAY),",,£ 10.85,£ -275.52
,ON 27-12-2023,,,
28/12/2023,TESCO STORES 2544 (VIA APPLE,,£ 2.85,£ -264.67
,"PAY), ON 27-12-2023",,,
28/12/2023,"COSTA COFFEE (VIA APPLE PAY),",,£ 5.75,£ -261.82
,ON 27-12-2023,,,
28/12/2023,BILL PAYMENT VIA FASTER,,£ 120.00,£ -256.07
,PAYMENT TO madalina buita,,,
,"REFERENCE gift , MANDATE NO 44",,,
27/12/2023,DICLE FOOD CENTRE (VIA APPLE,,£ 4.26,£ -136.07
,"PAY), ON 26-12-2023",,,
27/12/2023,ARRANGED OVERDRAFT,,£ 14.47,£ -131.81
,INTEREST,,,
27/12/2023,TESCO STORES 2544 (VIA APPLE,,£ 3.90,£ -117.34
,"PAY), ON 26-12-2023",,,
27/12/2023,"BESPOKE CAFE (VIA APPLE PAY),",,£ 6.20,£ -113.44
,ON 26-12-2023,,,
27/12/2023,"BESPOKE CAFE (VIA APPLE PAY),",,£ 2.65,£ -107.24
,ON 26-12-2023,,,
26/12/2023,DICLE FOOD CENTRE (VIA APPLE,,£ 3.18,£ -104.59
,"PAY), ON 25-12-2023",,,
26/12/2023,"BESPOKE CAFE (VIA APPLE PAY),",,£ 3.10,£ -101.41
,ON 25-12-2023,,,
25/12/2023,,,£ 7.25,£ -98.31
Date,Description,Money In,Money Out,Balance
,DICLE FOOD CENTRE (VIA APPLE,,,
,"PAY), ON 24-12-2023",,,
25/12/2023,"COSTA COFFEE (VIA APPLE PAY),",,£ 5.75,£ -91.06
,ON 24-12-2023,,,
24/12/2023,"TFL TRAVEL CH (VIA APPLE PAY),",,£ 7.05,£ -85.31
,ON 23-12-2023,,,
24/12/2023,SAINSBURYS S/MKTS (VIA APPLE,,£ 4.40,£ -78.26
,"PAY), ON 23-12-2023",,,
24/12/2023,KFC EARLSFIELD (VIA APPLE,,£ 20.96,£ -73.86
,"PAY), ON 23-12-2023",,,
24/12/2023,SHELL BATTERSEA (VIA APPLE,,£ 1.90,£ -52.90
,"PAY), ON 23-12-2023",,,
23/12/2023,"TFL TRAVEL CH (VIA APPLE PAY),",,£ 5.30,£ -51.00
,ON 22-12-2023,,,
23/12/2023,DICLE FOOD CENTRE (VIA APPLE,,£ 4.98,£ -45.70
,"PAY), ON 22-12-2023",,,
23/12/2023,KURK CHICKEN BAR (VIA APPLE,,£ 9.89,£ -40.72
,"PAY), ON 22-12-2023",,,
23/12/2023,"COSTA COFFEE (VIA APPLE PAY),",,£ 2.50,£ -30.83
,ON 22-12-2023,,,
23/12/2023,"COSTA COFFEE (VIA APPLE PAY),",,£ 5.75,£ -28.33
,ON 22-12-2023,,,
23/12/2023,"APPLE.COM/BILL (VIA APPLE PAY),",,£ 7.99,£ -22.58
,ON 22-12-2023,,,
22/12/2023,"TFL TRAVEL CH (VIA APPLE PAY),",,£ 3.20,£ -14.59
,ON 21-12-2023,,,
22/12/2023,MARTIN MCCOLL (VIA APPLE,,£ 2.19,£ -11.39
Date,Description,Money In,Money Out,Balance
22/12/2023,"COSTA COFFEE (VIA APPLE PAY),",,£ 9.00,£ -9.20
,ON 21-12-2023,,,
22/12/2023,POST OFFICE COUNTER (VIA,,£ 4.40,£ -0.20
,"APPLE PAY), ON 21-12-2023",,,
22/12/2023,"COSTA COFFEE (VIA APPLE PAY),",,£ 1.95,£ 4.20
,ON 21-12-2023,,,
21/12/2023,CARD PAYMENT TO CAFFE NERO,,£ 6.15,£ 6.15
,15 CAMDEN J ON 20-12-2023,,,
21/12/2023,"TFL TRAVEL CH (VIA APPLE PAY),",,£ 8.10,£ 12.30
,ON 20-12-2023,,,
21/12/2023,CARD PAYMENT TO MIHIR KANTI,,£ 25.00,£ 20.40
,SARKAR ON 20-12-2023,,,
21/12/2023,NYA*WOMBATS LONDON LTD (VIA,,£ 1.00,£ 45.40
,"APPLE PAY), ON 20-12-2023",,,
21/12/2023,CARD PAYMENT TO BKG*HOTEL,,£ 117.00,£ 46.40
,AT BOOKING.C ON 20-12-2023,,,
21/12/2023,ZETTLE_*INSIDE SUCCESS (VIA,,£ 5.00,£ 163.40
,"APPLE PAY), ON 20-12-2023",,,
21/12/2023,ZETTLE_*GOURMET SAUSAG (VIA,,£ 24.00,£ 168.40
,"APPLE PAY), ON 20-12-2023",,,
21/12/2023,CARD PAYMENT TO SQ *HAYS ON,,£ 11.00,£ 192.40
,THE RIVER ON 20-12-2023,,,
20/12/2023,CARD PAYMENT TO Happy Bones,,£ 3.80,£ 203.40
,Coffee ON 20-12-2023,,,
20/12/2023,"TFL TRAVEL CH (VIA APPLE PAY),",,£ 5.90,£ 207.20
,ON 19-12-2023,,,
20/12/2023,LEICESTER SQUARE YOKOC (VIA,,£ 52.07,£ 213.10
Date,Description,Money In,Money Out,Balance
20/12/2023,CROWN & SCEPTRE (VIA APPLE,,£ 15.40,£ 265.17
,"PAY), ON 19-12-2023",,,
20/12/2023,UBR* PENDING.UBER.COM (VIA,,£ 19.92,£ 280.57
,"APPLE PAY), ON 19-12-2023",,,
20/12/2023,CARD PAYMENT TO TESCO,,£ 21.35,£ 300.49
,STORES 6668 ON 19-12-2023,,,
20/12/2023,CARD PAYMENT TO Dr Martens,,£ 177.50,£ 321.84
,Carnaby Str ON 19-12-2023,,,
20/12/2023,DINES* TSQ JOBLAKECAFE (VIA,,£ 13.00,£ 499.34
,"APPLE PAY), ON 19-12-2023",,,
20/12/2023,CARD PAYMENT TO LANGHAM,,£ 139.09,£ 512.34
,COURT HOTEL ON 19-12-2023,,,
19/12/2023,CARD PAYMENT TO THREE ON,,£ 20.00,£ 651.43
,18-12-2023,,,
19/12/2023,BROADWICK STREET LEON (VIA,,£ 10.98,£ 671.43
,"APPLE PAY), ON 18-12-2023",,,
19/12/2023,BOLT.EU/O/2312190102 (VIA,,£ 11.20,£ 682.41
,"APPLE PAY), ON 19-12-2023",,,
19/12/2023,CARD PAYMENT TO,,£ 20.00,£ 693.61
,MIP*VODAFONE TOPUP ON,,,
,18-12-2023,,,
19/12/2023,SIR SYDNEY SMITH (VIA APPLE,,£ 11.60,£ 713.61
,"PAY), ON 18-12-2023",,,
19/12/2023,"COSTA COFFEE (VIA APPLE PAY),",,£ 4.05,£ 725.21
,ON 18-12-2023,,,
19/12/2023,"COSTA COFFEE (VIA APPLE PAY),",,£ 3.80,£ 729.26
,ON 18-12-2023,,,
19/12/2023,,,£ 9.83,£ 733.06
Date,Description,Money In,Money Out,Balance
,SUPERDRUG STORES PLC (VIA,,,
,"APPLE PAY), ON 18-12-2023",,,
19/12/2023,TESCO STORES 2249 (VIA APPLE,,£ 5.15,£ 742.89
,"PAY), ON 18-12-2023",,,
19/12/2023,TESCO STORES 2249 (VIA APPLE,,£ 3.00,£ 748.04
,"PAY), ON 18-12-2023",,,
19/12/2023,"COSTA COFFEE (VIA APPLE PAY),",,£ 6.30,£ 751.04
,ON 18-12-2023,,,
18/12/2023,CASH PAID IN AT ATM FINCHLEY,£ 280.00,,£ 757.34
,"50 BL ,FINCHLEY",,,
17/12/2023,"COSTA COFFEE (VIA APPLE PAY),",,£ 1.95,£ 477.34
,ON 16-12-2023,,,
17/12/2023,"COSTA COFFEE (VIA APPLE PAY),",,£ 3.80,£ 479.29
,ON 16-12-2023,,,
16/12/2023,TESCO STORES 2544 (VIA APPLE,,£ 2.60,£ 483.09
,"PAY), ON 15-12-2023",,,
15/12/2023,CASH WITHDRAWAL AT,,£ 10.00,£ 485.69
,SANTANDER ATM FINCHLEY 50,,,
,"BL, FINCHLEY,10.00 GBP , ON",,,
,15-12-2023,,,
13/12/2023,Third party payment made via,,£ 200.00,£ 495.69
,Faster Payment to CDER Group Ltd,,,
,Reference OB4337017 Santande,,,
13/12/2023,WITHDRAWAL 200.00 CASH AT,,£ 200.00,£ 695.69
,FINCHLEY 50 BL,,,
13/12/2023,CASH PAID IN AT FINCHLEY 50 BL,"£ 2,385.00",,£ 895.69
12/12/2023,CASH PAID IN AT FINCHLEY 50 BL,£ 60.00,,"£ -1,489.31"
28/11/2023,,,£ 13.47,"£ -1,549.31"
Date,Description,Money In,Money Out,Balance
,ARRANGED OVERDRAFT,,,
,INTEREST,,,
27/10/2023,ARRANGED OVERDRAFT,,£ 14.01,"£ -1,535.84"
,INTEREST,,,
27/09/2023,CARD PAYMENT TO AMZN Mktp DE,,£ 11.08,"£ -1,521.83"
,ON 26-09-2023,,,
27/09/2023,ARRANGED OVERDRAFT,,£ 14.15,"£ -1,510.75"
,INTEREST,,,
27/09/2023,CARD PAYMENT TO AMZN Mktp,,£ 38.55,"£ -1,496.60"
,DE*1K20W8564 ON 26-09-2023,,,
20/09/2023,EDEKA MOTZ OBERDORLA (VIA,,£ 9.96,"£ -1,458.05"
,"APPLE PAY), 11.54 EUR RATE",,,
,"0.8630/GBP, ON 19-09-2023",,,
20/09/2023,FOREIGN CURRENCY,,£ 0.29,"£ -1,448.09"
,CONVERSION FEE,,,
16/09/2023,TRAVYS STE-CROIX (VIA APPLE,,£ 10.09,"£ -1,447.80"
,"PAY), 11.20 CHF RATE 0.9008/GBP,",,,
,ON 15-09-2023,,,
16/09/2023,FOREIGN CURRENCY,,£ 0.30,"£ -1,437.71"
,CONVERSION FEE,,,
16/09/2023,COOP PRONTO YVERDON (VIA,,£ 8.20,"£ -1,437.41"
,"APPLE PAY), 9.10 CHF RATE",,,
,"0.9010/GBP, ON 15-09-2023",,,
16/09/2023,FOREIGN CURRENCY,,£ 0.24,"£ -1,429.21"
,CONVERSION FEE,,,
15/09/2023,CARD PAYMENT TO giffgaff ON,,£ 15.00,"£ -1,428.97"
,14-09-2023,,,
13/09/2023,CARD PAYMENT TO Spotify,,£ 5.99,"£ -1,413.97"
Date,Description,Money In,Money Out,Balance
12/09/2023,TRANSFER FROM MR LEFTERIS,£ 87.03,,"£ -1,407.98"
,GILMAZ,,,
11/09/2023,CAFFE NERO 132 GATWICK (VIA,,£ 3.55,"£ -1,495.01"
,"APPLE PAY), ON 10-09-2023",,,
11/09/2023,"GREGGS PLC (VIA APPLE PAY),",,£ 6.20,"£ -1,491.46"
,ON 10-09-2023,,,
11/09/2023,WH SMITH GATWICK SOUTH (VIA,,£ 2.79,"£ -1,485.26"
,"APPLE PAY), ON 10-09-2023",,,
11/09/2023,CARD PAYMENT TO GLOBAL,,£ 40.18,"£ -1,482.47"
,EXCHANGE SUISSE ON 10-09-2023,,,
10/09/2023,CARD PAYMENT TO APPLE.COM/,,£ 2.99,"£ -1,442.29"
,BILL ON 10-09-2023,,,
10/09/2023,TRANSFER FROM MR LEFTERIS,£ 50.00,,"£ -1,439.30"
,GILMAZ,,,
10/09/2023,TESCO STORES 6300 (VIA APPLE,,£ 5.00,"£ -1,489.30"
,"PAY), ON 09-09-2023",,,
10/09/2023,TRANSFER FROM MR LEFTERIS,£ 6.00,,"£ -1,484.30"
,GILMAZ,,,
09/09/2023,TRANSFER FROM MR LEFTERIS,£ 17.00,,"£ -1,490.30"
,GILMAZ,,,
06/09/2023,CARD PAYMENT TO National,,£ 22.60,"£ -1,507.30"
,Express Limit ON 05-09-2023,,,
05/09/2023,CARD PAYMENT TO,,£ 101.47,"£ -1,484.70"
,EASYJET000K61J28P ON,,,
,04-09-2023,,,
04/09/2023,TRANSFER FROM MR LEFTERIS,£ 20.00,,"£ -1,383.23"
,GILMAZ,,,
04/09/2023,,£ 101.00,,"£ -1,403.23"
Date,Description,Money In,Money Out,Balance
,TRANSFER FROM MR LEFTERIS,,,
,GILMAZ,,,
04/09/2023,"BURGRILL (VIA APPLE PAY), ON",,£ 9.58,"£ -1,504.23"
,03-09-2023,,,
31/08/2023,CARD PAYMENT TO giffgaff ON,,£ 15.00,"£ -1,494.65"
,31-08-2023,,,
31/08/2023,TRANSFER FROM MR LEFTERIS,£ 30.00,,"£ -1,479.65"
,GILMAZ,,,
10/08/2023,"DELIVEROO (VIA APPLE PAY), ON",,£ 21.25,"£ -1,509.65"
,10-08-2023,,,
10/08/2023,TRANSFER FROM MR LEFTERIS,£ 11.00,,"£ -1,488.40"
,GILMAZ,,,
09/08/2023,CARD PAYMENT TO CIRCUIT UK -,,£ 15.00,"£ -1,499.40"
,APP 1 ON 08-08-2023,,,
09/08/2023,TRANSFER FROM MR LEFTERIS,£ 15.00,,"£ -1,484.40"
,GILMAZ,,,
08/08/2023,WM MORRISONS STORE (VIA,,£ 19.02,"£ -1,499.40"
,"APPLE PAY), ON 07-08-2023",,,
08/08/2023,BILL PAYMENT VIA FASTER,,£ 25.00,"£ -1,480.38"
,PAYMENT TO MAGDALENA MICKIE,,,
,"REFERENCE ANJAJ , MANDATE",,,
,NO 41,,,
08/08/2023,TRANSFER FROM MR LEFTERIS,£ 25.00,,"£ -1,455.38"
,GILMAZ,,,
07/08/2023,FOREIGN CURRENCY,,£ 0.22,"£ -1,480.38"
,CONVERSION FEE,,,
07/08/2023,"CARD PAYMENT TO OF ,9.59 USD,",,£ 7.56,"£ -1,480.16"
Date,Description,Money In,Money Out,Balance
07/08/2023,TRANSFER FROM MR LEFTERIS,£ 13.00,,"£ -1,472.60"
,GILMAZ,,,
07/08/2023,ANNA SUPERMARKET (VIA APPLE,,£ 7.41,"£ -1,485.60"
,"PAY), ON 06-08-2023",,,
07/08/2023,"WINDMILL (VIA APPLE PAY), ON",,£ 9.10,"£ -1,478.19"
,06-08-2023,,,
06/08/2023,TRANSFER FROM MR LEFTERIS,£ 10.00,,"£ -1,469.09"
,GILMAZ,,,
06/08/2023,TRANSFER FROM MR LEFTERIS,£ 20.00,,"£ -1,479.09"
,GILMAZ,,,
06/08/2023,BILL PAYMENT VIA FASTER,,£ 20.00,"£ -1,499.09"
,PAYMENT TO MAGDALENA MICKIE,,,
,"REFERENCE ANJAJ , MANDATE",,,
,NO 41,,,
06/08/2023,TRANSFER FROM MR LEFTERIS,£ 2.00,,"£ -1,479.09"
,GILMAZ,,,
06/08/2023,TRANSFER FROM MR LEFTERIS,£ 20.00,,"£ -1,481.09"
,GILMAZ,,,
06/08/2023,ART'S GREEK CUISINE (VIA APPLE,,£ 15.00,"£ -1,501.09"
,"PAY), ON 05-08-2023",,,
06/08/2023,"FIREBUG (VIA APPLE PAY), ON",,£ 4.80,"£ -1,486.09"
,05-08-2023,,,
06/08/2023,"FIREBUG (VIA APPLE PAY), ON",,£ 4.70,"£ -1,481.29"
,05-08-2023,,,
06/08/2023,"FIREBUG (VIA APPLE PAY), ON",,£ 4.60,"£ -1,476.59"
,05-08-2023,,,
06/08/2023,TESCO STORES 6300 (VIA APPLE,,£ 4.60,"£ -1,471.99"
Date,Description,Money In,Money Out,Balance
06/08/2023,"200 DEGREES (VIA APPLE PAY),",,£ 2.40,"£ -1,467.39"
,ON 05-08-2023,,,
06/08/2023,"200 DEGREES (VIA APPLE PAY),",,£ 3.40,"£ -1,464.99"
,ON 05-08-2023,,,
05/08/2023,TRANSFER FROM MR LEFTERIS,£ 3.00,,"£ -1,461.59"
,GILMAZ,,,
05/08/2023,TRANSFER FROM MR LEFTERIS,£ 15.00,,"£ -1,464.59"
,GILMAZ,,,
05/08/2023,TRANSFER FROM MR LEFTERIS,£ 7.00,,"£ -1,479.59"
,GILMAZ,,,
05/08/2023,TRANSFER FROM MR LEFTERIS,£ 4.00,,"£ -1,486.59"
,GILMAZ,,,
05/08/2023,TRANSFER FROM MR LEFTERIS,£ 4.00,,"£ -1,490.59"
,GILMAZ,,,
05/08/2023,TRANSFER FROM MR LEFTERIS,£ 4.00,,"£ -1,494.59"
,GILMAZ,,,
05/08/2023,SAINSBURYS LOCAL (VIA APPLE,,£ 7.15,"£ -1,498.59"
,"PAY), ON 04-08-2023",,,
05/08/2023,ONE STOP STORES (VIA APPLE,,£ 1.80,"£ -1,491.44"
,"PAY), ON 04-08-2023",,,
04/08/2023,WM MORRISONS STORE (VIA,,£ 8.73,"£ -1,489.64"
,"APPLE PAY), ON 03-08-2023",,,
04/08/2023,TRANSFER FROM MR LEFTERIS,£ 10.00,,"£ -1,480.91"
,GILMAZ,,,
04/08/2023,BILL PAYMENT VIA FASTER,,£ 46.00,"£ -1,490.91"
Date,Description,Money In,Money Out,Balance
04/08/2023,TRANSFER FROM MR LEFTERIS,£ 1.00,,"£ -1,444.91"
,GILMAZ,,,
04/08/2023,TRANSFER FROM MR LEFTERIS,£ 47.00,,"£ -1,445.91"
,GILMAZ,,,
03/08/2023,TRANSFER FROM MR LEFTERIS,£ 7.00,,"£ -1,492.91"
,GILMAZ,,,
03/08/2023,BILL PAYMENT VIA FASTER,,£ 5.00,"£ -1,499.91"
,PAYMENT TO MAGDALENA MICKIE,,,
,"REFERENCE ANJAJ , MANDATE",,,
,NO 41,,,
03/08/2023,TRANSFER FROM MR LEFTERIS,£ 11.00,,"£ -1,494.91"
,GILMAZ,,,
03/08/2023,CARD PAYMENT TO Spotify,,£ 5.99,"£ -1,505.91"
,P24BFD3CC7 ON 02-08-2023,,,
02/08/2023,BILL PAYMENT VIA FASTER,,£ 30.00,"£ -1,499.92"
,PAYMENT TO MAGDALENA MICKIE,,,
,"REFERENCE ANJAJ , MANDATE",,,
,NO 41,,,
02/08/2023,TRANSFER FROM MR LEFTERIS,£ 31.00,,"£ -1,469.92"
,GILMAZ,,,
02/08/2023,WM MORRISONS STORE (VIA,,£ 8.73,"£ -1,500.92"
,"APPLE PAY), ON 01-08-2023",,,
02/08/2023,WM MORRISONS STORE (VIA,,£ 10.24,"£ -1,492.19"
,"APPLE PAY), ON 01-08-2023",,,
02/08/2023,TRANSFER FROM MR LEFTERIS,£ 9.00,,"£ -1,481.95"
,GILMAZ,,,
02/08/2023,TRANSFER FROM MR LEFTERIS,£ 10.00,,"£ -1,490.95"
,GILMAZ,,,
01/08/2023,,,£ 16.76,"£ -1,500.95"
Date,Description,Money In,Money Out,Balance
,WM MORRISONS STORE (VIA,,,
,"APPLE PAY), ON 31-07-2023",,,
01/08/2023,WM MORRISONS STORE (VIA,,£ 26.19,"£ -1,484.19"
,"APPLE PAY), ON 31-07-2023",,,
01/08/2023,TRANSFER FROM MR LEFTERIS,£ 15.00,,"£ -1,458.00"
,GILMAZ,,,
31/07/2023,BILL PAYMENT VIA FASTER,,£ 55.00,"£ -1,473.00"
,PAYMENT TO AKSHAY K KRISHNA,,,
,"REFERENCE HIS MONEY ,",,,
,MANDATE NO 38,,,
31/07/2023,TRANSFER FROM MR LEFTERIS,£ 58.00,,"£ -1,418.00"
,GILMAZ,,,
31/07/2023,TRANSFER FROM MR LEFTERIS,£ 24.00,,"£ -1,476.00"
,GILMAZ,,,
31/07/2023,TRANSFER TO MR LEFTERIS,,£ 956.15,"£ -1,500.00"
,GILMAZ,,,
31/07/2023,BANK GIRO CREDIT REF,£ 958.73,,£ -543.85
,"LEICESTER SVCS PAR, UNIV",,,
,7100119100050,,,
29/07/2023,CARD PAYMENT TO WM,,£ 3.89,"£ -1,502.58"
,MORRISONS STORE ON,,,
,28-07-2023,,,
26/07/2023,WM MORRISONS STORE (VIA,,£ 25.08,"£ -1,498.69"
,"APPLE PAY), ON 25-07-2023",,,
26/07/2023,WM MORRISONS STORE (VIA,,£ 0.60,"£ -1,473.61"
,"APPLE PAY), ON 25-07-2023",,,
25/07/2023,WM MORRISONS STORE (VIA,,£ 18.99,"£ -1,473.01"
,"APPLE PAY), ON 24-07-2023",,,
25/07/2023,,,£ 7.97,"£ -1,454.02"
Date,Description,Money In,Money Out,Balance
,UBR* PENDING.UBER.COM (VIA,,,
,"APPLE PAY), ON 24-07-2023",,,
23/07/2023,FASTER PAYMENTS RECEIPT,£ 50.00,,"£ -1,446.05"
,REF.THANKS FROM A,,,
,Krishnakumar,,,
23/07/2023,FASTER PAYMENTS RECEIPT,£ 5.00,,"£ -1,496.05"
,REF.THANKS FROM A,,,
,Krishnakumar,,,
22/07/2023,VMS UNI OF LEICESTER (VIA,,£ 3.50,"£ -1,501.05"
,"APPLE PAY), ON 21-07-2023",,,
21/07/2023,SAINSBURYS S/MKTS (VIA APPLE,,£ 2.60,"£ -1,497.55"
,"PAY), ON 20-07-2023",,,
21/07/2023,"LSP (VIA APPLE PAY), ON",,£ 1.00,"£ -1,494.95"
,18-07-2023,,,
21/07/2023,FASTER PAYMENTS RECEIPT,£ 3.50,,"£ -1,493.95"
,REF.LOVE FROM MICKIEWICZ M,,,
20/07/2023,VMS UNI OF LEICESTER (VIA,,£ 2.00,"£ -1,497.45"
,"APPLE PAY), ON 19-07-2023",,,
20/07/2023,VMS UNI OF LEICESTER (VIA,,£ 1.00,"£ -1,495.45"
,"APPLE PAY), ON 19-07-2023",,,
20/07/2023,VMS UNI OF LEICESTER (VIA,,£ 8.45,"£ -1,494.45"
,"APPLE PAY), ON 19-07-2023",,,
19/07/2023,"LSP (VIA APPLE PAY), ON",,£ 6.50,"£ -1,486.00"
,18-07-2023,,,
19/07/2023,FASTER PAYMENTS RECEIPT,£ 15.00,,"£ -1,479.50"
,REF.FOR DRINKS FROM,,,
,MICKIEWICZ M,,,
19/07/2023,VMS UNI OF LEICESTER (VIA,,£ 2.00,"£ -1,494.50"
Date,Description,Money In,Money Out,Balance
18/07/2023,FASTER PAYMENTS RECEIPT,£ 3.00,,"£ -1,492.50"
,REF.MY BABY FROM MICKIEWICZ,,,
,M,,,
18/07/2023,FASTER PAYMENTS RECEIPT,£ 3.50,,"£ -1,495.50"
,REF.MY LOVE FROM MICKIEWICZ,,,
,M,,,
18/07/2023,VMS UNI OF LEICESTER (VIA,,£ 3.50,"£ -1,499.00"
,"APPLE PAY), ON 17-07-2023",,,
17/07/2023,FASTER PAYMENTS RECEIPT,£ 5.00,,"£ -1,495.50"
,REF.MY BABY FROM MICKIEWICZ,,,
,M,,,
15/07/2023,"APPLE.COM/BILL (VIA APPLE PAY),",,£ 0.99,"£ -1,500.50"
,ON 14-07-2023,,,
14/07/2023,WM MORRISONS STORE (VIA,,£ 14.93,"£ -1,499.51"
,"APPLE PAY), ON 13-07-2023",,,
14/07/2023,CARD PAYMENT TO LIDL GB LEI-,,£ 28.15,"£ -1,484.58"
,UPPERTON ON 13-07-2023,,,
14/07/2023,CARD PAYMENT TO giffgaff ON,,£ 12.00,"£ -1,456.43"
,13-07-2023,,,
13/07/2023,BILL PAYMENT VIA FASTER,,£ 182.00,"£ -1,444.43"
,PAYMENT TO MAGDALENA MICKIE,,,
,"REFERENCE ANJAJ , MANDATE",,,
,NO 41,,,
12/07/2023,WM MORRISONS STORE (VIA,,£ 20.98,"£ -1,262.43"
,"APPLE PAY), ON 11-07-2023",,,
11/07/2023,BILL PAYMENT VIA FASTER,,£ 5.00,"£ -1,241.45"
,PAYMENT TO MAGDALENA MICKIE,,,
,"REFERENCE ANJAJ , MANDATE",,,
,NO 41,,,
11/07/2023,,,£ 5.00,"£ -1,236.45"
Date,Description,Money In,Money Out,Balance
,BILL PAYMENT VIA FASTER,,,
,PAYMENT TO MAGDALENA MICKIE,,,
,"REFERENCE ANJAJ , MANDATE",,,
,NO 41,,,
11/07/2023,BILL PAYMENT VIA FASTER,,£ 23.79,"£ -1,231.45"
,PAYMENT TO MAGDALENA MICKIE,,,
,"REFERENCE ANJAJ , MANDATE",,,
,NO 41,,,
11/07/2023,MCDONALDS 416 (VIA APPLE,,£ 1.19,"£ -1,207.66"
,"PAY), ON 10-07-2023",,,
11/07/2023,CARD PAYMENT TO WM,,£ 17.70,"£ -1,206.47"
,MORRISONS STORE ON,,,
,10-07-2023,,,
11/07/2023,TESCO STORES 6300 (VIA APPLE,,£ 5.95,"£ -1,188.77"
,"PAY), ON 10-07-2023",,,
11/07/2023,CARD PAYMENT TO GOOGLE,,£ 8.99,"£ -1,182.82"
